3242 5209
380 1340 411 1420 Ι.
451 1338 521 1418 De
551 1339 702 1439 ellipsi
731 1337 1152 1418 substantivorum.

535 1577 559 1622 ι.
585 1560 770 1622 omittitur
795 1559 998 1620 subiectum

397 1713 427 1791 a)
450 1713 637 1772 enuntiati
658 1712 819 1789 primarii
839 1711 893 1769 vel
914 1712 1132 1769 secundarii.

324 1852 487 1911 Observavi
515 1852 637 1909 subiecti
659 1851 837 1909 vocabulum
859 1850 954 1907 omitti
979 1850 1142 1926 inscriptis
1164 1851 1312 1920 Pliniauis‚

216 1950 299 2024 quod
320 1950 416 2025 primo
431 1950 536 2006 obtutu
557 1949 619 2005 lieri
633 1967 694 2005 non
715 1967 803 2023 posse
818 1947 940 2015 videtur,
962 1965 1029 2003 cum
1052 1949 1235 2005 enuntiatum
1250 1950 1314 2007 sine

214 2046 339 2103 subiecti
360 2046 544 2103 substantivo
559 2054 674 2103 exstare
695 2063 757 2101 non
778 2044 877 2119 possit.
920 2044 982 2100 Etsi
1003 2043 1134 2118 plurimis
1155 2045 1226 2102 locis
1247 2055 1313 2103 tan·

214 2151 278 2199 tum
293 2161 460 2217 pronomen
474 2142 738 2200 demonstrativum
754 2140 934 2216 opprimitur,
956 2149 1057 2197 tamen
1072 2141 1206 2198 nonnulli
1227 2144 1327 2201 huius·

214 2239 330 2313 generis
351 2239 408 2296 loci
428 2238 521 2296 laxius
543 2247 611 2297 sunt
626 2238 751 2305 formati,
774 2246 806 2293 ut
827 2237 897 2295 satis
917 2256 979 2293 non
1001 2236 1037 2293 sit
1057 2256 1225 2311 pronomen
1246 2249 1312 2296 tan·

215 2345 278 2392 tum
300 2335 428 2411 suppleri
450 2335 529 2392 velut
549 2335 579 2391 X
601 2350 647 2408 32,
674 2335 725 2391 ubi
746 2342 805 2391 est:
840 2333 1059 2408 Cernipan'unt
1078 2335 1312 2409 cumplurimum

214 2433 321 2507 quinos,
342 2450 387 2487 ere
406 2451 449 2487 eos
464 2443 562 2506 perere
582 2440 633 2486 arel
652 2430 721 2487 coire
735 2430 834 2505 vulgus
854 2430 1021 2498 arbitretur,·
1043 2430 1154 2505 ideoque
1165 2433 1310 2506 gravidus,

213 2531 241 2587 ri
259 2529 363 2586 ederim
382 2529 524 2585 cuminum
546 2548 638 2594 ovum,
659 2538 714 2602 per
739 2548 768 2583 ns
791 2537 908 2603 parturn
937 2527 1045 2583 reddere
1072 2537 1153 2602 atque
1174 2529 1204 2585 in
1225 2539 1311 2586 tetum

214 2625 362 2701 diffieuller
372 2636 481 2701 parere,
503 2626 531 2681 si
541 2634 606 2681 tecto
628 2626 790 2699 inferuntur,
813 2643 852 2682 se.
874 2624 961 2693 corvi,
993 2626 1076 2699 quod
1097 2625 1221 2683 subiecti
1239 2629 1312 2685 sub·

214 2724 374 2781 stantivum
405 2740 574 2797 expressum
607 2731 820 2798 exspectamuS,
855 2722 1027 2798 praesertim
1057 2742 1125 2779 cum
1156 2733 1243 2781 antea
1273 2726 1312 2783 de

213 2820 338 2895 gravidis
369 2819 481 2895 aliquid
511 2820 683 2895 proferatur.
726 2819 818 2876 Simili
848 2819 941 2876 modo
972 2818 1101 2875 insolens
1132 2828 1176 2876 est
1206 2821 1236 2876 X
1258 2838 1310 2892 40:

215 2916 289 2974 Sunt
308 2926 334 2971 et
346 2927 456 2991 prauae
475 2936 539 2972 aues
561 2935 693 2971 uncorum
716 2915 861 2989 unguium,
891 2924 923 2969 ut
939 2916 1005 2989 pici
1023 2915 1132 2971 ellarlie
1153 2917 1312 2991 cognonime

214 3010 381 3088 rnsignes'et
400 3013 430 3069 in
446 3012 577 3087 auspiciis
599 3012 702 3087 magni.
745 3012 883 3087 Sequitur
903 3012 1014 3068 deinde
1035 3013 1160 3068 multum
1176 3015 1215 3071 de
1229 3015 1310 3089 picis,

189 3110 344 3185 ,denique
381 3108 519 3184 legimus:
566 3109 679 3165 Trebius
711 3118 808 3165 arreter
838 3118 877 3164 est
912 3108 1022 3164 clauum
1058 3129 1310 3184 cuneumque...

212 3206 306 3262 stetim
327 3206 437 3263 exsilire
458 3253 464 3263 .
487 3252 492 3263 .
516 3252 521 3263 .
544 3227 605 3263 cum
628 3207 755 3263 inseden't
776 3206 854 3263 clauo
875 3215 927 3262 aut
945 3228 1028 3263 cuneo
1049 3226 1089 3265 sc.
1111 3208 1201 3284 picuS,
1229 3210 1311 3284 quod

212 3304 389 3361 vocabulum
411 3312 625 3382 exspectamuS,
648 3303 717 3379 quia
738 3314 827 3361 antea
848 3306 887 3360 de
907 3304 987 3379 picis,
1010 3323 1090 3361 nunc
1110 3307 1149 3362 de
1169 3306 1237 3381 pico
1258 3307 1310 3363 ali-

212 3401 284 3477 quid
314 3411 454 3459 narratur.
497 3402 583 3458 ldem
615 3412 660 3459 est
680 3400 760 3459 XIII
782 3419 834 3476 91:
865 3403 987 3476 confines
1015 3402 1044 3458 ei
1069 3403 1180 3468 Munn',
1212 3404 1312 3478 quibus

206 3498 334 3572 plurime
355 3498 439 3555 arbor
458 3500 523 3555 citri
541 3509 566 3554 el
587 3518 743 3555 mensarum
765 3500 888 3566 iusam'n,
911 3520 980 3573 ques
991 3500 1120 3573 feminae
1134 3501 1201 3563 uiris
1215 3516 1311 3557 eontra

212 3595 380 3669 margan'tes
393 3604 527 3670 regerunt.
557 3596 665 3653 Exstat
677 3596 757 3652 hodie
771 3596 815 3651 M.
837 3594 968 3651 Ciceroni.
998 3595 1089 3670 quid?
1112 3595 1176 3653 talis
1197 3616 1309 3666 mensa,

212 3692 295 3767 quod
309 3692 487 3749 vocabulum
502 3711 563 3749 non
578 3693 641 3750 sine
657 3694 762 3750 duritia
783 3693 946 3750 sententiae
961 3692 1071 3766 expleri
1093 3693 1183 3749 debet
1204 3713 1221 3750 e
1242 3713 1309 3751 sen·
1395 3677 1398 3681 μ

210 3788 366 3871 tentiarum
389 3807 512 3847 conexu.
556 3788 655 3861 Quam
675 3790 739 3846 duri
761 3790 819 3846 sint
840 3790 914 3846 tales
936 3788 999 3857 loci,
1020 3789 1110 3863 plane
1131 3789 1264 3863 elucebit,
1286 3792 1310 3849 si

210 3885 418 3942 contulerimus
449 3905 517 3942 curn
547 3886 592 3943 his
621 3887 692 3943 locis
721 3885 869 3961 quoslibet
890 3885 1109 3943 Ciceronianos.
1138 3886 1173 3943 cl.
1196 3886 1255 3943 Cic.
1279 3887 1309 3943 in

204 3980 292 4041 .Verr.
308 3990 362 4038 act.
386 3981 417 4038 II
443 3998 466 4051 1,
483 3998 508 4051 2,
531 3983 581 4057 qui
595 3983 677 4040 locus
692 4001 762 4040 casu
777 3991 846 4039 ante
861 3982 963 4039 oculos
978 3982 1050 4040 milri
1065 3991 1117 4050 est,
1133 4000 1194 4057 quo
1205 3983 1310 4040 Cicero

208 4076 357 4135 locuturus
378 4078 418 4135 de
438 4078 579 4153 dignitate
601 4078 714 4137 Siciliae
736 4079 780 4135 his
801 4079 895 4153 pergit
917 4078 1024 4135 verbis:
1047 4098 1114 4134 nam
1135 4098 1196 4134 curn
1218 4080 1309 4135 omni-

209 4193 256 4228 um
286 4174 420 4230 sociorum
443 4176 709 4250 prouinciarumque
738 4176 872 4231 ralionem
904 4175 1050 4250 diligenter
1078 4174 1175 4231 labere
1203 4176 1308 4245 debera,

208 4280 268 4327 lum
282 4273 431 4347 praecr'pne
453 4272 575 4339 Siciliae,
608 4274 716 4342 iudicer,
742 4273 877 4348 plurimis
912 4273 1121 4347 iuslrisimrique
1150 4274 1182 4328 de
1208 4274 1307 4342 causis,

199 4356 329 4444 primum
350 4370 569 4444 quodomnium
591 4374 735 4427 nationum
756 4380 934 4427 externarum
948 4370 1079 4446 princeps
1100 4369 1201 4427 Sicilia
1221 4390 1250 4426 se
1271 4372 1314 4429 ed
