3242 5209
229 761 259 839 a)
282 761 332 819 Ex
353 761 548 819 enuntiato
569 761 739 836 primario
761 759 1000 835 supplendum
1022 768 1075 816 est
1096 760 1243 816 verbum

422 858 457 915 in
479 858 577 915 aliud
598 856 828 915 enuntiatum
850 854 1058 933 primarium

575 1036 604 1113 α)
626 1037 753 1093 eadem
774 1036 895 1092 lorma.

191 1186 281 1259 praef.
306 1199 323 1259 7
354 1186 454 1260 qrradsi
476 1186 525 1242 har
556 1185 691 1251 Lucilius,
723 1185 775 1260 qui
794 1186 908 1260 prtinus
937 1185 1062 1241 condida
1086 1185 1148 1242 stili
1175 1206 1285 1252 nasum,

232 1282 377 1339 dz'ceuduuz
399 1282 456 1339 sibi
467 1284 590 1357 putavit,
619 1280 710 1340 Cicero
726 1283 892 1339 mutandum
914 1300 953 1340 sc,
967 1281 1022 1340 sibi
1035 1283 1161 1359 putavit;
1183 1282 1214 1339 X
1232 1284 1287 1357 178

230 1380 306 1455 quad
316 1380 507 1455 prodigiosum
530 1388 644 1455 putant,
676 1381 747 1436 sicu
775 1397 868 1435 arunas
896 1398 984 1435 mares
1011 1388 1037 1461 et
1056 1399 1148 1436 amnes
1160 1364 1296 1453 seiuiuas'

225 1476 310 1551 gigrm'
328 1494 366 1536 se.
383 1477 583 1553 prodigiosum
604 1485 717 1551 putant,
740 1477 791 1552 qui
812 1476 934 1551 quidem
948 1460 1018 1533 usus
1034 1476 1184 1533 Plinianus
1199 1476 1287 1534 etiam

229 1574 309 1647 apud
330 1574 442 1648 priores
468 1575 623 1649 scriptores
654 1592 762 1649 magna
792 1573 906 1630 exsistit
936 1573 1053 1631 licentia
1082 1573 1289 1649 inveniturque

230 1670 288 1727 iam
310 1672 391 1746 apud
413 1669 595 1729 Ciceronem.
627 1672 662 1728 cl.
677 1671 708 1728 in
723 1670 804 1728 Verr.
822 1671 871 1727 III
889 1686 912 1740 1,
934 1669 973 1742 48
994 1671 1067 1745 quid
1082 1672 1155 1727 em'm
1178 1671 1290 1727 Verres?

231 1776 358 1823 utucmue
378 1768 421 1824 lu's
442 1769 551 1843 quiritem
573 1769 683 1825 testibus
702 1768 832 1835 credetur,
864 1788 903 1824 au
924 1768 990 1824 haec
1014 1768 1057 1824 ad
1073 1788 1128 1823 rem
1151 1788 1206 1824 uon
1221 1781 1287 1843 per·

229 1865 338 1921 tinent?
359 1865 428 1922 Nau
442 1864 487 1921 M.
514 1864 639 1930 Octauia,
664 1885 718 1921 uon
740 1866 774 1921 L.
796 1866 902 1940 Liguri
919 1884 958 1923 se.
981 1866 1134 1923 credetur?
1157 1865 1217 1922 Liv.
1240 1882 1287 1939 40,

232 1959 269 2018 26
298 1970 325 2017 et
336 1962 511 2037 praetoribus
546 1962 598 2033 Qu.
621 1962 718 2019 Petilia
749 1971 774 2018 et
791 1962 844 2033 Qu.
869 1963 956 2019 Fabia
986 1964 1150 2038 imperatum
1180 1972 1227 2028 est,
1260 1972 1290 2019 ut

230 2057 344 2115 Petilius
367 2059 438 2115 duas
458 2059 573 2135 legiones
595 2106 600 2117 .
624 2106 630 2116 .
653 2106 658 2117 .
688 2060 824 2133 scu'beret;
856 2060 946 2117 Fabia
976 2078 1015 2117 se
1036 2060 1213 2136 imperatum
1235 2069 1287 2130 est,

230 2164 261 2211 ut
275 2154 371 2232 etc.1).
394 2156 439 2213 Ex
451 2156 584 2214 Pliniano
599 2176 690 2232 opere
704 2158 780 2214 haec
795 2176 916 2233 quoque
930 2158 1123 2233 insequantur
1137 2158 1286 2232 exempla:

229 2251 305 2309 XIV
321 2250 359 2327 89
380 2253 489 2330 Fabius
508 2254 602 2309 Pictor
620 2255 650 2309 iu
671 2253 824 2311 annalibus
842 2256 900 2309 suir
919 2255 1028 2329 scripsit
1040 2274 1053 2310 ⁴.
1076 2300 1082 2311 .
1105 2299 1112 2311 .
1139 2253 1207 2311 Cato
1228 2254 1288 2311 idea

223 2350 394 2423 propiuqrcas
406 2352 525 2424 fhmzuis
545 2350 665 2407 asculum
688 2351 755 2407 dare
775 2370 814 2408 sc.
836 2351 958 2426 scripsit.
990 2351 1070 2408 XIII
1096 2367 1147 2425 131
1172 2353 1240 2427 quin
1264 2360 1290 2407 et

231 2446 382 2504 uutu‘cibra
397 2493 402 2505 .
419 2493 446 2505 ..
469 2450 581 2505 au'aluuz
603 2451 679 2505 etin
700 2469 776 2524 aqua
798 2449 934 2505 decoctum
950 2450 1036 2525 potui
1053 2469 1114 2504 eum
1137 2450 1201 2504 uiuo
1223 2449 1291 2505 dari

229 2544 315 2626 iubetj
329 2544 470 2619 firmiores
483 2556 508 2602 ct
520 2546 677 2602 excelsiores
704 2547 905 2620 z'usautesfare3
929 2546 1043 2602 auratam
1059 2547 1142 2603 etium
1158 2545 1286 2621 gallinis,

142 2636 144 2639 ’
229 2651 281 2697 uzu
299 2642 326 2697 si
345 2645 486 2709 mauuu't,
511 2644 695 2717 uzudafactum
717 2662 756 2701 se.
778 2643 843 2702 dari
863 2644 953 2713 iubet,
985 2643 1036 2718 qui
1062 2643 1184 2718 quidem
1205 2643 1288 2700 locus

229 2757 264 2795 ea
285 2757 315 2795 re
337 2741 523 2799 excusandus
545 2749 596 2810 est,
620 2742 702 2818 quod
723 2740 829 2798 itemm
850 2740 909 2818 agit
930 2741 969 2798 de
990 2740 1146 2798 medicina.

603 3086 633 3165 β)
655 3087 727 3147 alia
745 3090 869 3146 forma.

297 3231 388 3289 Porro
409 3234 664 3291 commemorandi
687 3244 755 3293 sunt
786 3236 812 3292 ei
843 3235 908 3304 loci,
940 3234 1046 3310 quibus
1077 3236 1200 3293 verbum
1230 3234 1287 3294 alia

188 3329 341 3403 suppletur
371 3330 474 3399 forma,
505 3331 586 3388 cuius
615 3332 655 3389 rei
685 3333 745 3389 iam
774 3333 855 3407 apud
877 3332 899 3388 Ι.
923 3331 1100 3389 Muellerum
1121 3331 1137 3387 l.
1159 3331 1175 3388 l.
1198 3350 1226 3408 p.
1249 3325 1287 3387 86

187 3422 356 3483 invenimus
378 3427 526 3502 exempla;
558 3446 626 3485 cum
647 3437 747 3486 autem
768 3429 844 3486 haec
865 3428 972 3505 ellipsis
993 3429 1119 3485 multum
1140 3428 1227 3485 faciat
1248 3427 1286 3484 ad

187 3521 315 3579 breviter
335 3523 532 3598 adstricteque
553 3524 746 3599 loquendum,
777 3525 1062 3584 demonstrationem
1091 3524 1189 3601 augeri
1211 3543 1286 3582 non-

187 3618 274 3676 nullis
296 3620 437 3695 exemplis
466 3639 575 3695 operae
603 3622 729 3697 pretium
759 3642 823 3681 esse
851 3623 981 3681 arbitror.
1025 3623 1070 3679 Ex
1092 3620 1288 3681 Ciceroniana

187 3715 307 3772 dicendi
329 3718 544 3775 consuetudine
565 3737 660 3794 usque
681 3720 780 3777 adhuc
801 3739 893 3776 unum
915 3729 1031 3778 tantum
1051 3721 1196 3779 adnotare
1217 3737 1286 3795 pos·

186 3830 253 3869 sum
261 3810 298 3889 ²);
329 3813 416 3871 Tuse
440 3829 466 3888 5,
489 3833 507 3887 4
529 3818 640 3873 uumeu'
663 3826 803 3891 mutusque
823 3817 1018 3873 tractabuntur
1044 3826 1070 3883 at
1099 3817 1171 3872 uude
1191 3817 1287 3872 omniu

187 3920 329 3966 orerentur
346 3930 384 3967 se.
408 3913 594 3969 tractabatur.
630 3914 664 3970 cl.
697 3915 786 3972 etiam
808 3914 935 3991 Nepotis
957 3914 1020 3972 Alc.
1044 3929 1069 3987 7,
1092 3930 1109 3989 3
1140 3914 1288 3971 timebatur

185 4007 260 4062 euim
284 4028 338 4063 arou
361 4010 461 4073 ruitura,
489 4029 573 4083 quam
596 4009 770 4085 diligebatur,
797 4012 968 4068 uerecunda
985 4014 1105 4086 fortuna
1128 4012 1290 4087 utagmquue

301 4284 324 4349 ι)
342 4286 373 4337 cl.
391 4287 425 4337 A.
445 4286 538 4349 Draeg.
559 4286 575 4337 l.
598 4286 614 4337 l,
634 4282 646 4320 ²
664 4288 677 4335 1
696 4302 721 4350 p.
742 4299 802 4338 212.

296 4371 324 4439 2)
343 4374 373 4424 cs.
392 4380 426 4421 A.
447 4374 538 4437 Draeg.
558 4374 574 4426 l.
599 4374 618 4426 l.
637 4369 650 4407 ²
668 4376 682 4423 I
700 4391 726 4439 p.
745 4387 805 4426 212.
