3242 5209
671 422 885 473 ,17-,

210 602 390 659 quamquam
419 585 572 660 genetivus
600 585 761 642 humanam
790 592 918 641 aetatem
945 585 1122 660 significans,
1152 586 1202 661 qui
1232 587 1306 645 illius

208 683 322 759 generis
343 682 443 739 similis
464 690 515 751 est,
538 682 669 757 pluribus
689 681 761 738 locis
783 673 957 756 scriptorum
979 682 1110 755 priorum
1132 692 1241 741 exstat:
1268 687 1304 741 ct.

209 780 268 837 Liv.
291 796 318 852 4,
334 796 369 852 41
394 790 419 837 el
438 788 552 835 exactae
581 780 639 835 iam
667 778 765 835 aetatis
790 778 964 853 Capitolinus
989 778 1138 848 Quinctius
1163 777 1306 853 (attamen

205 878 356 935 antecedit
377 896 435 933 vox
456 874 532 953 viri);
556 891 632 944 21‚1
657 867 851 932 Hannibalem
872 877 1106 950 annornmferme
1120 897 1238 946 noaem;
1260 868 1307 942 vel

208 976 283 1050 Nep.
311 974 407 1048 18,13
428 974 566 1030 Eumenes
585 992 723 1029 annornm
745 973 866 1047 quinque
886 982 912 1028 et
930 973 1126 1049 quadraginta.

314 1072 478 1144 Quomodo
499 1069 609 1127 Plinius
645 1070 827 1127 adamaverit
864 1078 954 1144 atque
987 1071 1194 1146 propagaverit
1227 1062 1305 1129 hanc

207 1177 389 1236 structuram,
412 1168 539 1243 primum
561 1167 683 1243 quidem
706 1168 912 1224 demonstrant
933 1167 1069 1242 exempla
1096 1185 1184 1243 supra
1209 1168 1303 1239 allata,

207 1284 284 1342 quae
306 1264 404 1323 multis
424 1264 487 1323 aliis
508 1264 608 1340 augeri
622 1272 754 1338 possunt,
770 1263 881 1319 deinde
896 1264 978 1339 quod
993 1264 1137 1322 eiusmodi
1151 1265 1304 1339 genetivus

206 1362 294 1420 etiam
317 1361 465 1419 adhibitus
480 1369 524 1419 est
545 1379 643 1436 neque
664 1361 784 1418 nomine
801 1360 922 1436 proprio
938 1378 1037 1435 neque
1051 1362 1229 1435 appellativo
1244 1363 1304 1419 ullo

205 1468 339 1517 exstante
365 1459 444 1516 velut
466 1458 516 1516 Ili
540 1472 595 1533 179
621 1466 702 1514 cetero
729 1458 807 1533 nigri
829 1456 925 1513 calaris
950 1457 1097 1514 candi'di'ae
1124 1457 1175 1532 (sc.
1198 1460 1302 1537 boves)
1389 1516 1399 1537 ‚

205 1557 247 1614 ad
277 1556 396 1614 laborem
432 1555 625 1624 damriantnr;
666 1554 726 1611 VII
742 1570 780 1629 34
807 1556 966 1630 gignantur
991 1565 1016 1610 et
1042 1548 1196 1629 'utriusque⁴
1221 1558 1304 1613 serius

205 1652 255 1731 (sc.
278 1651 435 1730 homines),
466 1672 533 1727 quos
554 1650 803 1727 Hermaphroditus
824 1670 975 1719 vacamus,·-
1009 1651 1055 1708 IX
1074 1649 1129 1723 164
1147 1663 1299 1727 purpurae,

205 1752 320 1807 mnn‘ces
344 1750 462 1807 eiusdem
480 1750 587 1824 generis
607 1747 658 1827 (sc.
674 1745 824 1826 animalia)
847 1768 906 1805 aere
918 1749 1060 1822 panant)
1090 1748 1182 1805 XXV
1195 1747 1230 1806 61
1256 1731 1301 1806 ue·¹

204 1858 266 1905 tant
289 1847 357 1905 dari
378 1846 494 1915 senibus,
519 1846 623 1922 pneris,
652 1846 715 1902 r'tern
747 1844 837 1902 mollis
857 1865 891 1903 ae
902 1846 1023 1919 feminei
1041 1847 1159 1920 corporis
1178 1849 1303 1905 arn'mine

204 1943 256 2023 (sc.
278 1941 461 2022 hominibus)
470 1942 502 2021 ¹),
524 1943 606 2001 cuius
628 1960 697 2001 usus
718 1961 774 2018 ego
795 1942 918 2018 quidem
944 1960 1039 2019 usque
1059 1943 1158 2001 adhuc
1178 1945 1301 2002 aliomm

204 2042 379 2117 scriptorum
401 2041 536 2117 exempla
557 2041 663 2099 afferre
685 2059 746 2098 non
768 2058 897 2115 possum,
920 2058 987 2097 cum
1009 2040 1048 2109 id,
1077 2042 1159 2116 quod
1187 2042 1302 2119 scripsit

203 2139 361 2197 Suetonius
395 2138 425 2194 in
458 2138 586 2195 Neronis
619 2156 643 2194 c.
681 2152 715 2211 15
745 2137 928 2211 triumphalia
958 2147 1120 2193 ornamenta
1159 2147 1184 2194 et
1217 2159 1300 2213 quae·

200 2236 300 2293 stenae
328 2236 473 2312 dignitatis
500 2244 525 2291 et
552 2234 693 2292 nonnullis
727 2255 764 2291 ex
792 2235 909 2309 equestri
934 2234 1029 2291 ordine
1062 2235 1174 2301 inferit,
1211 2254 1299 2293 excu-

201 2332 329 2391 sandum
339 2333 375 2390 sit
390 2332 534 2390 vocabulo
548 2332 740 2402 „nonnullis“,
756 2332 795 2389 de
810 2350 871 2407 quo
885 2332 1038 2407 dependet
1052 2340 1081 2389 et
1095 2334 1300 2407 „quaestoriae

201 2429 367 2505 dignitatis“
394 2439 423 2487 et
447 2449 502 2498 „ex
523 2429 650 2505 equestri
672 2429 800 2486 ordine“.
843 2429 979 2487 Similiter
1008 2430 1225 2487 conformatum
1247 2440 1299 2501 est,

201 2527 284 2602 quod
306 2535 401 2585 exstat
421 2528 501 2603 aqud
523 2526 576 2583 Iul.
599 2526 799 2602 Capitolinum
820 2526 851 2582 in
873 2526 995 2584 Maxim.
1018 2544 1041 2584 c.
1066 2542 1081 2582 2
1104 2526 1260 2584 adulescens
1275 2537 1301 2584 et

200 2622 403 2681 semibarbarus
432 2632 457 2681 et
486 2624 538 2679 azir
567 2622 658 2679 adhuc
687 2622 811 2679 Latinae
840 2622 960 2698 lenguae.
1010 2622 1151 2680 Attamen
1186 2612 1299 2698 optime

201 2722 328 2795 quadrat
348 2720 377 2777 in
399 2721 478 2778 hunc
500 2738 585 2778 usum
596 2720 771 2787 Plinianum‚
788 2720 870 2795 quod
885 2719 965 2777 idem
980 2721 1103 2776 adnotat
1114 2720 1298 2795 Capitolinus

200 2818 231 2874 in
253 2818 375 2876 Maxim.
399 2837 422 2875 c.
438 2834 479 2890 4.;
509 2816 567 2873 ram
596 2825 721 2873 maturae
746 2816 845 2872 aetatis
871 2816 914 2872 ad
934 2835 996 2872 enm
1023 2816 1105 2881 aenr'f,
1133 2817 1189 2874 nisi
1216 2818 1299 2893 quod

200 2916 307 2979 dixerit
328 2915 474 2992 quispiam
495 2915 574 2972 hunc
596 2932 717 2989 quoque
731 2914 831 2970 locum
845 2913 1004 2983 faciliorem
1019 2932 1189 2989 essequam
1204 2914 1297 2983 Plinii,

200 3012 282 3087 quod
304 3013 408 3070 iterum
430 3012 607 3088 significetur
628 3020 708 3068 aetas
729 3010 866 3078 hominis,
883 3029 959 3086 quae
974 3013 1146 3080 sententiae,
1164 3020 1196 3068 ut
1210 3031 1298 3088 supra

199 3109 257 3167 iam
278 3111 404 3167 breviter
425 3110 579 3184 attigimus,
601 3108 793 3183 excipiendae
814 3118 889 3165 sunt.

306 3207 336 3263 N
339 3226 373 3265 ec
397 3226 459 3264 non
488 3206 567 3263 idem
594 3206 684 3262 efficit
714 3205 868 3281 genetivus
893 3206 1075 3279 possessivus
1103 3207 1132 3261 in
1162 3206 1297 3264 Pliniana

199 3322 296 3380 opere.
316 3294 355 3361 cf.
377 3302 499 3360 XXXV
525 3318 576 3359 101
594 3303 694 3378 patn'a
712 3304 740 3357 ei
763 3300 886 3367 Caunus,
911 3303 1002 3377 gentis
1021 3303 1142 3359 Rhodiis
1163 3303 1298 3360 subiectae

200 3398 250 3476 (sc.
272 3401 341 3457 urbs
363 3400 409 3457 vel
431 3398 531 3477 vicus).
797 3405 799 3407 ’

226 3664 255 3744 c)
277 3665 421 3723 Desunt
442 3665 671 3723 substantiva
692 3664 853 3722 indicata
874 3664 1046 3722 dictione
1067 3667 1266 3741 praeposi·

672 3762 818 3819 tionali.

304 3902 361 3960 Pro
395 3902 533 3978 genetivo
567 3901 713 3958 indicatur
747 3901 962 3981 substantivum
993 3901 1134 3959 omissum
1165 3901 1295 3959 dictione

196 3998 444 4073 praepositionali‚
467 3998 526 4073 qua
547 3997 670 4054 omnino
693 3996 802 4053 Plinius
830 4014 1045 4071 saepenumero
1072 3998 1160 4054 utitur
1185 3993 1299 4055 eodem

195 4098 288 4151 modo
310 4114 345 4153 ac
364 4095 509 4171 genetivo
531 4114 598 4152 cum
625 4094 712 4151 etiam
745 4094 906 4151 dictionem
934 4095 1221 4170 praepositionalem‘
1240 4090 1292 4151 de·

195 4192 380 4265 pendentem
408 4192 477 4247 facit
508 4192 729 4248 asubstantivo
757 4190 839 4246 nullo
865 4191 1019 4265 participio
1044 4192 1185 4249 adiuncto
1214 4188 1298 4248 velut

305 4393 329 4452 1)
348 4392 380 4443 cf.
399 4392 419 4442 I.
439 4391 589 4439 Muellerum
609 4390 626 4441 l.
645 4390 664 4442 l.
683 4407 708 4456 p.
732 4402 789 4443 102.

1105 4488 1119 4523 2
