<?xml version="1.0" encoding="UTF-8"?>
<!DOCTYPE html PUBLIC "-//W3C//DTD XHTML 1.0 Transitional//EN"
    "http://www.w3.org/TR/xhtml1/DTD/xhtml1-transitional.dtd">
<html xmlns="http://www.w3.org/1999/xhtml" xml:lang="en" lang="en">
 <head>
  <title>
</title>
<meta http-equiv="Content-Type" content="text/html;charset=utf-8" />
  <meta name='ocr-system' content='tesseract 3.04.00' />
  <meta name='ocr-capabilities' content='ocr_page ocr_carea ocr_par ocr_line ocrx_word'/>
</head>
<body>
  <div class='ocr_page' id='page_1' title='image "./debreviloqventi00plingoog_0028.png"; bbox 0 0 3242 5209; ppageno 0'>
   <div class='ocr_carea' id='block_1_1' title="bbox 757 433 931 479">
    <p class='ocr_par' dir='ltr' id='par_1_1' title="bbox 757 433 931 479">
     <span class='ocr_line' id='line_1_1' title="bbox 757 433 931 479; baseline 0 -11"><span class='ocrx_word' id='word_1_1' title='bbox 757 433 931 479; x_wconf 72' lang='lat'>..26-</span> 
     </span>
    </p>
   </div>
   <div class='ocr_carea' id='block_1_2' title="bbox 293 600 1442 1727">
    <p class='ocr_par' dir='ltr' id='par_1_2' title="bbox 293 600 1442 1727">
     <span class='ocr_line' id='line_1_2' title="bbox 300 600 1399 678; baseline 0.004 -21"><span class='ocrx_word' id='word_1_2' title='bbox 300 600 381 667; x_wconf 76' lang='lat' dir='ltr'>bulis,</span> <span class='ocrx_word' id='word_1_3' title='bbox 403 610 456 657; x_wconf 82' lang='lat' dir='ltr'>aut</span> <span class='ocrx_word' id='word_1_4' title='bbox 474 601 601 669; x_wconf 67' lang='lat' dir='ltr'>extemis,</span> <span class='ocrx_word' id='word_1_5' title='bbox 618 602 702 657; x_wconf 85' lang='lat' dir='ltr'>imma</span> <span class='ocrx_word' id='word_1_6' title='bbox 717 601 852 667; x_wconf 74' lang='lat' dir='ltr'>barbani,</span> <span class='ocrx_word' id='word_1_7' title='bbox 870 621 930 677; x_wconf 94' lang='lat' dir='ltr'>quo</span> <span class='ocrx_word' id='word_1_8' title='bbox 949 602 1016 660; x_wconf 89' lang='lat' dir='ltr'>loco</span> <span class='ocrx_word' id='word_1_9' title='bbox 1031 621 1067 660; x_wconf 92' lang='lat' dir='ltr'>ea</span> <span class='ocrx_word' id='word_1_10' title='bbox 1082 621 1203 678; x_wconf 90' lang='lat' dir='ltr'>quoque</span> <span class='ocrx_word' id='word_1_11' title='bbox 1224 621 1255 660; x_wconf 89' lang='lat' dir='ltr'>re</span> <span class='ocrx_word' id='word_1_12' title='bbox 1277 604 1399 661; x_wconf 72' lang='lat' dir='ltr'>effertur</span> 
     </span>
     <span class='ocr_line' id='line_1_3' title="bbox 300 698 1398 775; baseline 0.005 -22"><span class='ocrx_word' id='word_1_13' title='bbox 300 698 479 756; x_wconf 86' lang='lat' dir='ltr'>vocabulum</span> <span class='ocrx_word' id='word_1_14' title='bbox 492 698 694 774; x_wconf 89' lang='lat' dir='ltr'>appositionis,</span> <span class='ocrx_word' id='word_1_15' title='bbox 718 699 801 774; x_wconf 93' lang='lat' dir='ltr'>quod</span> <span class='ocrx_word' id='word_1_16' title='bbox 824 698 954 775; x_wconf 88' lang='lat' dir='ltr'>positum</span> <span class='ocrx_word' id='word_1_17' title='bbox 969 708 1013 757; x_wconf 92' lang='lat' dir='ltr'>est</span> <span class='ocrx_word' id='word_1_18' title='bbox 1035 699 1066 756; x_wconf 93' lang='lat' dir='ltr'>in</span> <span class='ocrx_word' id='word_1_19' title='bbox 1081 700 1234 758; x_wconf 90' lang='lat' dir='ltr'>enuntiato</span> <span class='ocrx_word' id='word_1_20' title='bbox 1255 709 1398 774; x_wconf 86' lang='lat' dir='ltr'>exeunte;</span> 
     </span>
     <span class='ocr_line' id='line_1_4' title="bbox 300 792 1399 873; baseline 0.002 -20"><span class='ocrx_word' id='word_1_21' title='bbox 300 796 380 853; x_wconf 90' lang='lat' dir='ltr'>XIII</span> <span class='ocrx_word' id='word_1_22' title='bbox 403 794 441 853; x_wconf 77' lang='lat'>26</span> <span class='ocrx_word' id='word_1_23' title='bbox 462 792 604 873; x_wconf 81' lang='lat' dir='ltr'>(palmae)</span> <span class='ocrx_word' id='word_1_24' title='bbox 616 796 717 869; x_wconf 67' lang='lat' dir='ltr'>J‘erunt</span> <span class='ocrx_word' id='word_1_25' title='bbox 741 796 771 852; x_wconf 86' lang='lat' dir='ltr'>in</span> <span class='ocrx_word' id='word_1_26' title='bbox 803 796 952 852; x_wconf 74' lang='lat' dir='ltr'><em>maritimis</em></span> <span class='ocrx_word' id='word_1_27' title='bbox 972 796 1134 872; x_wconf 76' lang='lat' dir='ltr'>Hispaniae</span> <span class='ocrx_word' id='word_1_28' title='bbox 1144 798 1280 871; x_wconf 83' lang='lat' dir='ltr'>fructum,</span> <span class='ocrx_word' id='word_1_29' title='bbox 1303 818 1399 855; x_wconf 75' lang='lat' dir='ltr'>uerum</span> 
     </span>
     <span class='ocr_line' id='line_1_5' title="bbox 300 891 1399 971; baseline 0.003 -22"><span class='ocrx_word' id='word_1_30' title='bbox 300 895 456 963; x_wconf 62' lang='lat' dir='ltr'>immitem</span> <span class='ocrx_word' id='word_1_31' title='bbox 479 894 509 951; x_wconf 89' lang='grc' dir='ltr'>ΙΙ</span> <span class='ocrx_word' id='word_1_32' title='bbox 535 909 591 950; x_wconf 91' lang='lat'>110</span> <span class='ocrx_word' id='word_1_33' title='bbox 621 891 695 949; x_wconf 89' lang='lat' dir='ltr'>mille</span> <span class='ocrx_word' id='word_1_34' title='bbox 715 901 847 949; x_wconf 85' lang='lat' dir='ltr'>sescentas</span> <span class='ocrx_word' id='word_1_35' title='bbox 867 892 1033 950; x_wconf 81' lang='lat' dir='ltr'><em>adnotavere</em></span> <span class='ocrx_word' id='word_1_36' title='bbox 1051 892 1149 963; x_wconf 78' lang='lat' dir='ltr'>stellas,</span> <span class='ocrx_word' id='word_1_37' title='bbox 1181 894 1303 971; x_wconf 81' lang='lat' dir='ltr'><em>insignes</em></span> <span class='ocrx_word' id='word_1_38' title='bbox 1321 894 1399 953; x_wconf 86' lang='lat' dir='ltr'>scili-</span> 
     </span>
     <span class='ocr_line' id='line_1_6' title="bbox 300 989 1442 1067; baseline 0.002 -20"><span class='ocrx_word' id='word_1_39' title='bbox 300 1001 341 1048; x_wconf 82' lang='lat' dir='ltr'>cet</span> <span class='ocrx_word' id='word_1_40' title='bbox 358 993 453 1065; x_wconf 73' lang='lat' dir='ltr'>effectu</span> <span class='ocrx_word' id='word_1_41' title='bbox 474 992 605 1065; x_wconf 85' lang='lat' dir='ltr'>ue&#39;saque;</span> <span class='ocrx_word' id='word_1_42' title='bbox 627 989 655 1046; x_wconf 96' lang='lat' dir='ltr'>V</span> <span class='ocrx_word' id='word_1_43' title='bbox 677 989 715 1062; x_wconf 90' lang='grc'>84</span> <span class='ocrx_word' id='word_1_44' title='bbox 742 990 874 1047; x_wconf 86' lang='lat' dir='ltr'>Ommam</span> <span class='ocrx_word' id='word_1_45' title='bbox 896 1000 996 1047; x_wconf 86' lang='lat' dir='ltr'>uacant</span> <span class='ocrx_word' id='word_1_46' title='bbox 1020 991 1229 1067; x_wconf 77' lang='lat' dir='ltr'>inrumpenlem,</span> <span class='ocrx_word' id='word_1_47' title='bbox 1261 1012 1329 1049; x_wconf 86' lang='lat' dir='ltr'>max</span> <span class='ocrx_word' id='word_1_48' title='bbox 1351 992 1404 1049; x_wconf 85' lang='lat' dir='ltr'><em>ubi</em></span> <span class='ocrx_word' id='word_1_49' title='bbox 1438 990 1442 993; x_wconf 68' lang='grc'><strong>’</strong></span> 
     </span>
     <span class='ocr_line' id='line_1_7' title="bbox 293 1086 1400 1165; baseline 0.002 -20"><span class='ocrx_word' id='word_1_50' title='bbox 293 1089 463 1165; x_wconf 58' lang='lat' dir='ltr'>peffregen&#39;t,</span> <span class='ocrx_word' id='word_1_51' title='bbox 479 1088 661 1162; x_wconf 76' lang='lat' dir='ltr'>Euphratem,</span> <span class='ocrx_word' id='word_1_52' title='bbox 683 1086 757 1144; x_wconf 82' lang='lat' dir='ltr'>ultra</span> <span class='ocrx_word' id='word_1_53' title='bbox 771 1107 876 1162; x_wconf 85' lang='lat' dir='ltr'>quaque</span> <span class='ocrx_word' id='word_1_54' title='bbox 888 1106 1020 1144; x_wconf 87' lang='lat' dir='ltr'>saxosum</span> <span class='ocrx_word' id='word_1_55' title='bbox 1034 1099 1059 1144; x_wconf 84' lang='lat' dir='ltr'>et</span> <span class='ocrx_word' id='word_1_56' title='bbox 1073 1086 1244 1158; x_wconf 57' lang='lat' dir='ltr'>atalantam·</span> <span class='ocrx_word' id='word_1_57' title='bbox 1265 1088 1344 1146; x_wconf 93' lang='lat' dir='ltr'>VIII</span> <span class='ocrx_word' id='word_1_58' title='bbox 1360 1088 1400 1147; x_wconf 87' lang='lat'>28</span> 
     </span>
     <span class='ocr_line' id='line_1_8' title="bbox 301 1184 1399 1259; baseline 0.001 -18"><span class='ocrx_word' id='word_1_59' title='bbox 301 1206 375 1241; x_wconf 77' lang='lat' dir='ltr'>tratre</span> <span class='ocrx_word' id='word_1_60' title='bbox 395 1184 519 1241; x_wconf 81' lang='lat' dir='ltr'>dentium</span> <span class='ocrx_word' id='word_1_61' title='bbox 540 1204 625 1241; x_wconf 89' lang='lat' dir='ltr'>eausa</span> <span class='ocrx_word' id='word_1_62' title='bbox 638 1184 722 1259; x_wconf 83' lang='lat' dir='ltr'>pedes</span> <span class='ocrx_word' id='word_1_63' title='bbox 742 1204 834 1240; x_wconf 80' lang='lat' dir='ltr'>aarum</span> <span class='ocrx_word' id='word_1_64' title='bbox 857 1184 1025 1249; x_wconf 78' lang='lat' dir='ltr'>iaculantur,</span> <span class='ocrx_word' id='word_1_65' title='bbox 1052 1184 1179 1259; x_wconf 80' lang='lat' dir='ltr'>aliaquin</span> <span class='ocrx_word' id='word_1_66' title='bbox 1200 1185 1399 1255; x_wconf 74' lang='lat' dir='ltr'>malleisirnas,·</span> 
     </span>
     <span class='ocr_line' id='line_1_9' title="bbox 304 1282 1397 1358; baseline -0.001 -18"><span class='ocrx_word' id='word_1_67' title='bbox 304 1298 358 1357; x_wconf 82' lang='lat'>115</span> <span class='ocrx_word' id='word_1_68' title='bbox 381 1282 522 1339; x_wconf 85' lang='lat' dir='ltr'>dexterum</span> <span class='ocrx_word' id='word_1_69' title='bbox 545 1302 629 1339; x_wconf 82' lang='lat' dir='ltr'>eamn</span> <span class='ocrx_word' id='word_1_70' title='bbox 652 1290 756 1357; x_wconf 79' lang='lat' dir='ltr'>negant</span> <span class='ocrx_word' id='word_1_71' title='bbox 775 1282 899 1338; x_wconf 87' lang='lat' dir='ltr'>inuenire</span> <span class='ocrx_word' id='word_1_72' title='bbox 921 1302 968 1338; x_wconf 86' lang='lat' dir='ltr'>ceu</span> <span class='ocrx_word' id='word_1_73' title='bbox 992 1282 1187 1339; x_wconf 85' lang='lat' dir='ltr'>medicamenta</span> <span class='ocrx_word' id='word_1_74' title='bbox 1207 1282 1302 1357; x_wconf 82' lang='lat' dir='ltr'>aliqua</span> <span class='ocrx_word' id='word_1_75' title='bbox 1310 1294 1397 1358; x_wconf 84' lang='lat' dir='ltr'>prae-</span> 
     </span>
     <span class='ocr_line' id='line_1_10' title="bbox 301 1378 1399 1456; baseline 0.001 -21"><span class='ocrx_word' id='word_1_76' title='bbox 301 1379 398 1436; x_wconf 82' lang='lat' dir='ltr'>ditum.</span> <span class='ocrx_word' id='word_1_77' title='bbox 441 1378 577 1437; x_wconf 82' lang='lat' dir='ltr'>Similiter</span> <span class='ocrx_word' id='word_1_78' title='bbox 597 1379 774 1437; x_wconf 82' lang='lat' dir='ltr'>conformati</span> <span class='ocrx_word' id='word_1_79' title='bbox 794 1387 863 1436; x_wconf 88' lang='lat' dir='ltr'>sunt</span> <span class='ocrx_word' id='word_1_80' title='bbox 883 1379 914 1435; x_wconf 93' lang='lat' dir='ltr'>hi</span> <span class='ocrx_word' id='word_1_81' title='bbox 934 1380 1005 1436; x_wconf 89' lang='lat' dir='ltr'>loci:</span> <span class='ocrx_word' id='word_1_82' title='bbox 1032 1379 1078 1436; x_wconf 93' lang='lat' dir='ltr'>XI</span> <span class='ocrx_word' id='word_1_83' title='bbox 1102 1396 1159 1456; x_wconf 81' lang='grc'>249</span> <span class='ocrx_word' id='word_1_84' title='bbox 1180 1380 1291 1437; x_wconf 75' lang='lat' dir='ltr'>homini</span> <span class='ocrx_word' id='word_1_85' title='bbox 1304 1399 1399 1456; x_wconf 80' lang='lat' dir='ltr'><em>genua</em></span> 
     </span>
     <span class='ocr_line' id='line_1_11' title="bbox 301 1476 1399 1552; baseline 0.001 -20"><span class='ocrx_word' id='word_1_86' title='bbox 301 1486 328 1532; x_wconf 87' lang='lat' dir='ltr'>et</span> <span class='ocrx_word' id='word_1_87' title='bbox 346 1476 440 1533; x_wconf 85' lang='lat' dir='ltr'>cubita</span> <span class='ocrx_word' id='word_1_88' title='bbox 461 1478 610 1542; x_wconf 82' lang='lat' dir='ltr'>cantran&#39;a,</span> <span class='ocrx_word' id='word_1_89' title='bbox 644 1477 706 1533; x_wconf 79' lang='lat' dir='ltr'>e&#39;lem</span> <span class='ocrx_word' id='word_1_90' title='bbox 737 1476 807 1532; x_wconf 85' lang='lat' dir='ltr'>ursis</span> <span class='ocrx_word' id='word_1_91' title='bbox 836 1484 862 1531; x_wconf 81' lang='lat' dir='ltr'>et</span> <span class='ocrx_word' id='word_1_92' title='bbox 880 1476 1027 1532; x_wconf 68' lang='lat' dir='ltr'>sannarum</span> <span class='ocrx_word' id='word_1_93' title='bbox 1045 1478 1146 1552; x_wconf 79' lang='lat' dir='ltr'>generi,</span> <span class='ocrx_word' id='word_1_94' title='bbox 1178 1478 1211 1534; x_wconf 86' lang='lat' dir='ltr'>ab</span> <span class='ocrx_word' id='word_1_95' title='bbox 1232 1478 1267 1534; x_wconf 87' lang='lat' dir='ltr'>ia¹</span> <span class='ocrx_word' id='word_1_96' title='bbox 1283 1478 1399 1535; x_wconf 71' lang='lat' dir='ltr'>miru‘me</span> 
     </span>
     <span class='ocr_line' id='line_1_12' title="bbox 295 1572 1400 1649; baseline 0.001 -19"><span class='ocrx_word' id='word_1_97' title='bbox 295 1573 473 1649; x_wconf 81' lang='lat' dir='ltr'>pernicibus‚·</span> <span class='ocrx_word' id='word_1_98' title='bbox 503 1574 594 1649; x_wconf 86' lang='lat' dir='ltr'>praei.</span> <span class='ocrx_word' id='word_1_99' title='bbox 621 1572 655 1629; x_wconf 90' lang='lat'>18</span> <span class='ocrx_word' id='word_1_100' title='bbox 676 1572 871 1647; x_wconf 82' lang='lat' dir='ltr'><em>subsicivisque</em></span> <span class='ocrx_word' id='word_1_101' title='bbox 891 1572 1054 1648; x_wconf 80' lang='lat' dir='ltr'><em>temporibus</em></span> <span class='ocrx_word' id='word_1_102' title='bbox 1074 1574 1128 1631; x_wconf 84' lang='lat' dir='ltr'>isla</span> <span class='ocrx_word' id='word_1_103' title='bbox 1149 1594 1287 1641; x_wconf 84' lang='lat' dir='ltr'>curamus,</span> <span class='ocrx_word' id='word_1_104' title='bbox 1310 1575 1345 1631; x_wconf 88' lang='lat' dir='ltr'>id</span> <span class='ocrx_word' id='word_1_105' title='bbox 1360 1584 1400 1631; x_wconf 84' lang='lat' dir='ltr'>est</span> 
     </span>
     <span class='ocr_line' id='line_1_13' title="bbox 304 1671 449 1727; baseline 0 0"><span class='ocrx_word' id='word_1_106' title='bbox 304 1671 449 1727; x_wconf 78' lang='lat' dir='ltr'>nactumzs.</span> 
     </span>
    </p>
   </div>
   <div class='ocr_carea' id='block_1_3' title="bbox 649 2017 1044 2079">
    <p class='ocr_par' dir='ltr' id='par_1_3' title="bbox 649 2017 1044 2079">
     <span class='ocr_line' id='line_1_14' title="bbox 649 2017 1044 2079; baseline 0.003 -1"><span class='ocrx_word' id='word_1_107' title='bbox 649 2017 834 2079; x_wconf 85' lang='lat' dir='ltr'>Secundus</span> <span class='ocrx_word' id='word_1_108' title='bbox 859 2033 1044 2079; x_wconf 80' lang='lat' dir='ltr'><em>excursus.</em></span> 
     </span>
    </p>
   </div>
   <div class='ocr_carea' id='block_1_4' title="bbox 417 2186 1279 2265">
    <p class='ocr_par' dir='ltr' id='par_1_4' title="bbox 417 2186 1279 2265">
     <span class='ocr_line' id='line_1_15' title="bbox 417 2186 1279 2265; baseline 0 -21"><span class='ocrx_word' id='word_1_109' title='bbox 417 2186 444 2265; x_wconf 79' lang='grc' dir='ltr'>ι)</span> <span class='ocrx_word' id='word_1_110' title='bbox 467 2187 519 2245; x_wconf 88' lang='lat' dir='ltr'>De</span> <span class='ocrx_word' id='word_1_111' title='bbox 540 2187 736 2262; x_wconf 88' lang='lat' dir='ltr'>participio</span> <span class='ocrx_word' id='word_1_112' title='bbox 757 2204 837 2243; x_wconf 92' lang='lat' dir='ltr'>cum</span> <span class='ocrx_word' id='word_1_113' title='bbox 857 2186 1051 2262; x_wconf 85' lang='lat' dir='ltr'>particulis</span> <span class='ocrx_word' id='word_1_114' title='bbox 1073 2187 1279 2245; x_wconf 87' lang='lat' dir='ltr'>coniuncto.</span> 
     </span>
    </p>
   </div>
   <div class='ocr_carea' id='block_1_5' title="bbox 222 2324 1398 4068">
    <p class='ocr_par' dir='ltr' id='par_1_5' title="bbox 222 2324 1398 4068">
     <span class='ocr_line' id='line_1_16' title="bbox 409 2324 1397 2409; baseline 0.001 -19"><span class='ocrx_word' id='word_1_115' title='bbox 409 2324 561 2407; x_wconf 81' lang='lat' dir='ltr'>Quoniam</span> <span class='ocrx_word' id='word_1_116' title='bbox 575 2333 606 2389; x_wconf 91' lang='lat' dir='ltr'>in</span> <span class='ocrx_word' id='word_1_117' title='bbox 620 2333 716 2409; x_wconf 80' lang='lat' dir='ltr'>prlore</span> <span class='ocrx_word' id='word_1_118' title='bbox 730 2333 827 2409; x_wconf 86' lang='lat' dir='ltr'>capite</span> <span class='ocrx_word' id='word_1_119' title='bbox 842 2333 1031 2408; x_wconf 85' lang='lat' dir='ltr'>exposuimus</span> <span class='ocrx_word' id='word_1_120' title='bbox 1042 2334 1264 2392; x_wconf 87' lang='lat' dir='ltr'>coniunctiones</span> <span class='ocrx_word' id='word_1_121' title='bbox 1280 2355 1397 2409; x_wconf 85' lang='lat' dir='ltr'>quam-</span> 
     </span>
     <span class='ocr_line' id='line_1_17' title="bbox 302 2430 1397 2507; baseline 0.002 -19"><span class='ocrx_word' id='word_1_122' title='bbox 302 2453 412 2506; x_wconf 88' lang='lat' dir='ltr'>quam,</span> <span class='ocrx_word' id='word_1_123' title='bbox 441 2432 596 2507; x_wconf 85' lang='lat' dir='ltr'>quamvis</span> <span class='ocrx_word' id='word_1_124' title='bbox 616 2439 645 2489; x_wconf 93' lang='lat' dir='ltr'>et</span> <span class='ocrx_word' id='word_1_125' title='bbox 666 2431 806 2488; x_wconf 88' lang='lat' dir='ltr'>adverbia</span> <span class='ocrx_word' id='word_1_126' title='bbox 829 2430 994 2507; x_wconf 75' lang='lat' dir='ltr'>similiaque</span> <span class='ocrx_word' id='word_1_127' title='bbox 1015 2431 1152 2506; x_wconf 88' lang='lat' dir='ltr'>coniungi</span> <span class='ocrx_word' id='word_1_128' title='bbox 1173 2449 1192 2488; x_wconf 91' lang='lat' dir='ltr'>a</span> <span class='ocrx_word' id='word_1_129' title='bbox 1212 2432 1307 2490; x_wconf 92' lang='lat' dir='ltr'>Plinio</span> <span class='ocrx_word' id='word_1_130' title='bbox 1329 2450 1397 2490; x_wconf 88' lang='lat' dir='ltr'>cum</span> 
     </span>
     <span class='ocr_line' id='line_1_18' title="bbox 302 2528 1397 2605; baseline 0 -18"><span class='ocrx_word' id='word_1_131' title='bbox 302 2529 547 2605; x_wconf 89' lang='lat' dir='ltr'>appositionibus,</span> <span class='ocrx_word' id='word_1_132' title='bbox 570 2530 655 2587; x_wconf 90' lang='lat' dir='ltr'>liceat</span> <span class='ocrx_word' id='word_1_133' title='bbox 669 2529 741 2586; x_wconf 91' lang='lat' dir='ltr'>mihi</span> <span class='ocrx_word' id='word_1_134' title='bbox 755 2529 824 2587; x_wconf 87' lang='lat' dir='ltr'>huic</span> <span class='ocrx_word' id='word_1_135' title='bbox 845 2529 933 2604; x_wconf 90' lang='lat' dir='ltr'>capiti</span> <span class='ocrx_word' id='word_1_136' title='bbox 954 2529 1032 2585; x_wconf 86' lang='lat' dir='ltr'>aliud</span> <span class='ocrx_word' id='word_1_137' title='bbox 1055 2528 1174 2586; x_wconf 90' lang='lat' dir='ltr'>dicendi</span> <span class='ocrx_word' id='word_1_138' title='bbox 1193 2547 1286 2605; x_wconf 88' lang='lat' dir='ltr'>genus</span> <span class='ocrx_word' id='word_1_139' title='bbox 1308 2530 1397 2587; x_wconf 91' lang='lat' dir='ltr'>Plini-</span> 
     </span>
     <span class='ocr_line' id='line_1_19' title="bbox 300 2626 1396 2704; baseline -0.002 -18"><span class='ocrx_word' id='word_1_140' title='bbox 300 2646 392 2686; x_wconf 90' lang='lat' dir='ltr'>anum</span> <span class='ocrx_word' id='word_1_141' title='bbox 406 2629 526 2696; x_wconf 83' lang='lat' dir='ltr'>addere,</span> <span class='ocrx_word' id='word_1_142' title='bbox 541 2628 632 2704; x_wconf 91' lang='lat' dir='ltr'>quod,</span> <span class='ocrx_word' id='word_1_143' title='bbox 648 2646 832 2704; x_wconf 89' lang='lat' dir='ltr'>quamquam</span> <span class='ocrx_word' id='word_1_144' title='bbox 846 2646 908 2684; x_wconf 91' lang='lat' dir='ltr'>non</span> <span class='ocrx_word' id='word_1_145' title='bbox 923 2627 1049 2703; x_wconf 84' lang='lat' dir='ltr'>pertinet</span> <span class='ocrx_word' id='word_1_146' title='bbox 1070 2628 1108 2684; x_wconf 86' lang='lat' dir='ltr'>ad</span> <span class='ocrx_word' id='word_1_147' title='bbox 1123 2626 1396 2702; x_wconf 85' lang='lat' dir='ltr'>breviloquentiam,</span> 
     </span>
     <span class='ocr_line' id='line_1_20' title="bbox 222 2723 1397 2801; baseline -0.001 -19"><span class='ocrx_word' id='word_1_148' title='bbox 222 2766 225 2773; x_wconf 71' lang='grc'>.</span> <span class='ocrx_word' id='word_1_149' title='bbox 301 2732 402 2782; x_wconf 89' lang='lat' dir='ltr'>tamen</span> <span class='ocrx_word' id='word_1_150' title='bbox 423 2725 599 2783; x_wconf 90' lang='lat' dir='ltr'>insolentem</span> <span class='ocrx_word' id='word_1_151' title='bbox 629 2726 751 2801; x_wconf 89' lang='lat' dir='ltr'>praebet</span> <span class='ocrx_word' id='word_1_152' title='bbox 772 2725 892 2782; x_wconf 89' lang='lat' dir='ltr'>dicendi</span> <span class='ocrx_word' id='word_1_153' title='bbox 913 2742 1007 2794; x_wconf 92' lang='lat' dir='ltr'>usum,</span> <span class='ocrx_word' id='word_1_154' title='bbox 1039 2743 1104 2782; x_wconf 89' lang='lat' dir='ltr'>cum</span> <span class='ocrx_word' id='word_1_155' title='bbox 1128 2723 1246 2793; x_wconf 91' lang='lat' dir='ltr'>Plinius,</span> <span class='ocrx_word' id='word_1_156' title='bbox 1268 2733 1301 2781; x_wconf 91' lang='lat' dir='ltr'>ut</span> <span class='ocrx_word' id='word_1_157' title='bbox 1321 2732 1397 2781; x_wconf 91' lang='lat' dir='ltr'>tem·</span> 
     </span>
     <span class='ocr_line' id='line_1_21' title="bbox 300 2822 1397 2899; baseline 0 -22"><span class='ocrx_word' id='word_1_158' title='bbox 300 2840 355 2896; x_wconf 91' lang='lat' dir='ltr'>pus</span> <span class='ocrx_word' id='word_1_159' title='bbox 382 2823 544 2881; x_wconf 85' lang='lat' dir='ltr'>accuratius</span> <span class='ocrx_word' id='word_1_160' title='bbox 571 2823 758 2899; x_wconf 80' lang='lat' dir='ltr'>significetur,</span> <span class='ocrx_word' id='word_1_161' title='bbox 797 2823 950 2897; x_wconf 88' lang='lat' dir='ltr'>adponere</span> <span class='ocrx_word' id='word_1_162' title='bbox 979 2822 1073 2879; x_wconf 87' lang='lat' dir='ltr'>soleat</span> <span class='ocrx_word' id='word_1_163' title='bbox 1107 2822 1249 2879; x_wconf 88' lang='lat' dir='ltr'>adverbia</span> <span class='ocrx_word' id='word_1_164' title='bbox 1277 2822 1397 2878; x_wconf 87' lang='lat' dir='ltr'>statim</span> 
     </span>
     <span class='ocr_line' id='line_1_22' title="bbox 294 2918 1398 2996; baseline 0.001 -21"><span class='ocrx_word' id='word_1_165' title='bbox 294 2920 475 2995; x_wconf 81' lang='lat' dir='ltr'>paulatim</span> <span class='ocrx_word' id='word_1_166' title='bbox 506 2920 622 2996; x_wconf 89' lang='lat' dir='ltr'>aliaque</span> <span class='ocrx_word' id='word_1_167' title='bbox 643 2919 801 2995; x_wconf 87' lang='lat' dir='ltr'>participiis</span> <span class='ocrx_word' id='word_1_168' title='bbox 823 2918 986 2977; x_wconf 91' lang='lat' dir='ltr'>coniunctis</span> <span class='ocrx_word' id='word_1_169' title='bbox 1016 2927 1107 2994; x_wconf 90' lang='lat' dir='ltr'>atque</span> <span class='ocrx_word' id='word_1_170' title='bbox 1134 2919 1284 2989; x_wconf 66' lang='lat' dir='ltr'>absolutis</span> <span class='ocrx_word' id='word_1_171' title='bbox 1319 2937 1398 2995; x_wconf 88' lang='lat' dir='ltr'>quae</span> 
     </span>
     <span class='ocr_line' id='line_1_23' title="bbox 301 3015 1398 3092; baseline -0.001 -18"><span class='ocrx_word' id='word_1_172' title='bbox 301 3025 451 3086; x_wconf 89' lang='lat' dir='ltr'>vocantur,</span> <span class='ocrx_word' id='word_1_173' title='bbox 463 3016 646 3075; x_wconf 88' lang='lat' dir='ltr'>Graecorum</span> <span class='ocrx_word' id='word_1_174' title='bbox 660 3017 779 3074; x_wconf 89' lang='lat' dir='ltr'>dicendi</span> <span class='ocrx_word' id='word_1_175' title='bbox 794 3016 1041 3074; x_wconf 87' lang='lat' dir='ltr'>consuetudinem</span> <span class='ocrx_word' id='word_1_176' title='bbox 1054 3025 1180 3087; x_wconf 72' lang='lat' dir='ltr'>secutus</span> <span class='ocrx_word' id='word_1_177' title='bbox 1196 3016 1246 3092; x_wconf 91' lang='lat' dir='ltr'>qui</span> <span class='ocrx_word' id='word_1_178' title='bbox 1256 3015 1398 3073; x_wconf 86' lang='lat' dir='ltr'>adverbia</span> 
     </span>
     <span class='ocr_line' id='line_1_24' title="bbox 301 3113 1398 3191; baseline -0.005 -15"><span class='ocrx_word' id='word_1_179' title='bbox 301 3124 379 3190; x_wconf 77' lang='grc' dir='ltr'>οὕτω,</span> <span class='ocrx_word' id='word_1_180' title='bbox 398 3122 487 3189; x_wconf 69' lang='grc' dir='ltr'>εὐθύς,</span> <span class='ocrx_word' id='word_1_181' title='bbox 506 3125 567 3191; x_wconf 84' lang='grc' dir='ltr'>ἅμα,</span> <span class='ocrx_word' id='word_1_182' title='bbox 586 3124 683 3191; x_wconf 80' lang='grc' dir='ltr'><em>μεταξύ</em></span> <span class='ocrx_word' id='word_1_183' title='bbox 705 3115 822 3190; x_wconf 89' lang='lat' dir='ltr'>aliaque</span> <span class='ocrx_word' id='word_1_184' title='bbox 843 3114 974 3172; x_wconf 88' lang='lat' dir='ltr'>adiciunt</span> <span class='ocrx_word' id='word_1_185' title='bbox 1000 3114 1167 3189; x_wconf 84' lang='lat' dir='ltr'>participiis,</span> <span class='ocrx_word' id='word_1_186' title='bbox 1199 3133 1267 3171; x_wconf 92' lang='lat' dir='ltr'>cum</span> <span class='ocrx_word' id='word_1_187' title='bbox 1293 3113 1398 3172; x_wconf 88' lang='lat' dir='ltr'>Cicero</span> 
     </span>
     <span class='ocr_line' id='line_1_25' title="bbox 301 3204 1398 3288; baseline -0.001 -21"><span class='ocrx_word' id='word_1_188' title='bbox 301 3212 445 3269; x_wconf 88' lang='lat' dir='ltr'>rarissime</span> <span class='ocrx_word' id='word_1_189' title='bbox 462 3204 524 3270; x_wconf 76' lang='lat' dir='ltr'>¹hoc</span> <span class='ocrx_word' id='word_1_190' title='bbox 544 3231 651 3288; x_wconf 86' lang='lat' dir='ltr'>genere</span> <span class='ocrx_word' id='word_1_191' title='bbox 673 3211 791 3270; x_wconf 90' lang='lat' dir='ltr'>dicendi</span> <span class='ocrx_word' id='word_1_192' title='bbox 812 3220 910 3269; x_wconf 89' lang='lat' dir='ltr'>utatur</span> <span class='ocrx_word' id='word_1_193' title='bbox 929 3230 1029 3287; x_wconf 89' lang='lat' dir='ltr'>neque</span> <span class='ocrx_word' id='word_1_194' title='bbox 1050 3211 1107 3269; x_wconf 92' lang='lat' dir='ltr'>alia</span> <span class='ocrx_word' id='word_1_195' title='bbox 1129 3212 1271 3269; x_wconf 88' lang='lat' dir='ltr'>adverbia</span> <span class='ocrx_word' id='word_1_196' title='bbox 1280 3210 1398 3286; x_wconf 86' lang='lat' dir='ltr'>partici-</span> 
     </span>
     <span class='ocr_line' id='line_1_26' title="bbox 300 3308 1396 3384; baseline -0.002 -19"><span class='ocrx_word' id='word_1_197' title='bbox 300 3309 355 3384; x_wconf 89' lang='lat' dir='ltr'>piis</span> <span class='ocrx_word' id='word_1_198' title='bbox 380 3310 473 3368; x_wconf 88' lang='lat' dir='ltr'>addat</span> <span class='ocrx_word' id='word_1_199' title='bbox 502 3310 564 3378; x_wconf 87' lang='lat' dir='ltr'>nisi,</span> <span class='ocrx_word' id='word_1_200' title='bbox 595 3318 628 3365; x_wconf 93' lang='lat' dir='ltr'>ut</span> <span class='ocrx_word' id='word_1_201' title='bbox 655 3318 771 3384; x_wconf 87' lang='lat' dir='ltr'>tempus</span> <span class='ocrx_word' id='word_1_202' title='bbox 802 3309 895 3384; x_wconf 86' lang='lat' dir='ltr'>magis</span> <span class='ocrx_word' id='word_1_203' title='bbox 924 3308 1079 3384; x_wconf 88' lang='lat' dir='ltr'>perspicue</span> <span class='ocrx_word' id='word_1_204' title='bbox 1102 3308 1265 3378; x_wconf 89' lang='lat' dir='ltr'>illustretur,</span> <span class='ocrx_word' id='word_1_205' title='bbox 1301 3308 1396 3364; x_wconf 82' lang='lat' dir='ltr'>statim</span> 
     </span>
     <span class='ocr_line' id='line_1_27' title="bbox 301 3404 1396 3482; baseline 0.002 -21"><span class='ocrx_word' id='word_1_206' title='bbox 301 3406 336 3463; x_wconf 87' lang='lat' dir='ltr'>cf.</span> <span class='ocrx_word' id='word_1_207' title='bbox 352 3425 379 3481; x_wconf 92' lang='lat' dir='ltr'>p.</span> <span class='ocrx_word' id='word_1_208' title='bbox 403 3408 463 3463; x_wconf 90' lang='lat' dir='ltr'>red.</span> <span class='ocrx_word' id='word_1_209' title='bbox 486 3407 515 3462; x_wconf 92' lang='lat' dir='ltr'>in</span> <span class='ocrx_word' id='word_1_210' title='bbox 530 3424 591 3464; x_wconf 91' lang='lat' dir='ltr'>sen.</span> <span class='ocrx_word' id='word_1_211' title='bbox 614 3424 640 3482; x_wconf 75' lang='lat' dir='ltr'>c),</span> <span class='ocrx_word' id='word_1_212' title='bbox 658 3422 693 3463; x_wconf 91' lang='lat'>22</span> <span class='ocrx_word' id='word_1_213' title='bbox 715 3406 844 3465; x_wconf 85' lang='lat' dir='ltr'><em>Calidius</em></span> <span class='ocrx_word' id='word_1_214' title='bbox 863 3409 957 3462; x_wconf 83' lang='lat' dir='ltr'>statim</span> <span class='ocrx_word' id='word_1_215' title='bbox 973 3406 1131 3481; x_wconf 62' lang='lat' dir='ltr'>designatus</span> <span class='ocrx_word' id='word_1_216' title='bbox 1152 3450 1157 3462; x_wconf 91' lang='lat'>.</span> <span class='ocrx_word' id='word_1_217' title='bbox 1181 3451 1186 3462; x_wconf 90' lang='lat'><em>.</em></span> <span class='ocrx_word' id='word_1_218' title='bbox 1210 3450 1216 3462; x_wconf 89' lang='lat'><strong>.</strong></span> <span class='ocrx_word' id='word_1_219' title='bbox 1238 3404 1396 3463; x_wconf 69' lang='lat' dir='ltr'>declaravit.</span> 
     </span>
     <span class='ocr_line' id='line_1_28' title="bbox 301 3503 1398 3579; baseline -0.003 -18"><span class='ocrx_word' id='word_1_220' title='bbox 301 3504 418 3562; x_wconf 92' lang='lat' dir='ltr'>Dubius</span> <span class='ocrx_word' id='word_1_221' title='bbox 446 3513 490 3562; x_wconf 91' lang='lat' dir='ltr'>est</span> <span class='ocrx_word' id='word_1_222' title='bbox 518 3505 599 3563; x_wconf 91' lang='lat' dir='ltr'>locus</span> <span class='ocrx_word' id='word_1_223' title='bbox 629 3506 660 3561; x_wconf 91' lang='lat' dir='ltr'>in</span> <span class='ocrx_word' id='word_1_224' title='bbox 687 3513 759 3562; x_wconf 88' lang='lat' dir='ltr'>orat.</span> <span class='ocrx_word' id='word_1_225' title='bbox 791 3520 834 3573; x_wconf 86' lang='lat'>10,</span> <span class='ocrx_word' id='word_1_226' title='bbox 864 3518 910 3578; x_wconf 79' lang='lat'>35,</span> <span class='ocrx_word' id='word_1_227' title='bbox 936 3504 986 3561; x_wconf 91' lang='lat' dir='ltr'>ubi</span> <span class='ocrx_word' id='word_1_228' title='bbox 1012 3513 1068 3569; x_wconf 86' lang='lat' dir='ltr'>est:</span> <span class='ocrx_word' id='word_1_229' title='bbox 1100 3503 1150 3560; x_wconf 82' lang='lat' dir='ltr'>leae</span> <span class='ocrx_word' id='word_1_230' title='bbox 1175 3522 1235 3559; x_wconf 85' lang='lat' dir='ltr'>sum</span> <span class='ocrx_word' id='word_1_231' title='bbox 1257 3521 1398 3579; x_wconf 81' lang='lat' dir='ltr'>aggressus</span> 
     </span>
     <span class='ocr_line' id='line_1_29' title="bbox 299 3600 1396 3678; baseline -0.001 -20"><span class='ocrx_word' id='word_1_232' title='bbox 299 3603 393 3659; x_wconf 85' lang='lat' dir='ltr'>statim</span> <span class='ocrx_word' id='word_1_233' title='bbox 408 3602 512 3660; x_wconf 84' lang='lat' dir='ltr'>Catane</span> <span class='ocrx_word' id='word_1_234' title='bbox 525 3602 657 3672; x_wconf 85' lang='lat' dir='ltr'>absoluta,</span> <span class='ocrx_word' id='word_1_235' title='bbox 678 3602 761 3678; x_wconf 90' lang='lat' dir='ltr'>quod</span> <span class='ocrx_word' id='word_1_236' title='bbox 775 3602 950 3659; x_wconf 88' lang='lat' dir='ltr'>adverbium</span> <span class='ocrx_word' id='word_1_237' title='bbox 962 3602 1080 3658; x_wconf 81' lang='lat' dir='ltr'>statim</span> <span class='ocrx_word' id='word_1_238' title='bbox 1095 3600 1198 3658; x_wconf 90' lang='lat' dir='ltr'>melius</span> <span class='ocrx_word' id='word_1_239' title='bbox 1220 3601 1396 3659; x_wconf 90' lang='lat' dir='ltr'>adverbum</span> 
     </span>
     <span class='ocr_line' id='line_1_30' title="bbox 301 3698 1397 3775; baseline -0.001 -20"><span class='ocrx_word' id='word_1_240' title='bbox 301 3699 424 3769; x_wconf 86' lang='lat' dir='ltr'>linitum,</span> <span class='ocrx_word' id='word_1_241' title='bbox 456 3718 547 3775; x_wconf 89' lang='lat' dir='ltr'>quam</span> <span class='ocrx_word' id='word_1_242' title='bbox 577 3702 616 3758; x_wconf 89' lang='lat' dir='ltr'>ad</span> <span class='ocrx_word' id='word_1_243' title='bbox 646 3700 806 3757; x_wconf 86' lang='lat' dir='ltr'>ablativum</span> <span class='ocrx_word' id='word_1_244' title='bbox 837 3699 1005 3757; x_wconf 91' lang='lat' dir='ltr'>absolutum</span> <span class='ocrx_word' id='word_1_245' title='bbox 1036 3699 1111 3756; x_wconf 89' lang='lat' dir='ltr'>trahi</span> <span class='ocrx_word' id='word_1_246' title='bbox 1135 3706 1241 3774; x_wconf 86' lang='lat' dir='ltr'>potest.</span> <span class='ocrx_word' id='word_1_247' title='bbox 1273 3698 1397 3774; x_wconf 88' lang='lat' dir='ltr'>Saepius</span> 
     </span>
     <span class='ocr_line' id='line_1_31' title="bbox 300 3795 1398 3871; baseline -0.002 -18"><span class='ocrx_word' id='word_1_248' title='bbox 300 3796 438 3854; x_wconf 87' lang='lat' dir='ltr'>nimirum</span> <span class='ocrx_word' id='word_1_249' title='bbox 469 3797 544 3855; x_wconf 89' lang='lat' dir='ltr'>haec</span> <span class='ocrx_word' id='word_1_250' title='bbox 572 3797 690 3854; x_wconf 89' lang='lat' dir='ltr'>dicendi</span> <span class='ocrx_word' id='word_1_251' title='bbox 721 3798 907 3854; x_wconf 86' lang='lat' dir='ltr'>consuetudo</span> <span class='ocrx_word' id='word_1_252' title='bbox 938 3796 1014 3855; x_wconf 91' lang='lat' dir='ltr'>inest</span> <span class='ocrx_word' id='word_1_253' title='bbox 1042 3796 1072 3852; x_wconf 91' lang='lat' dir='ltr'>in</span> <span class='ocrx_word' id='word_1_254' title='bbox 1098 3796 1211 3871; x_wconf 88' lang='lat' dir='ltr'>scriptis</span> <span class='ocrx_word' id='word_1_255' title='bbox 1233 3795 1315 3865; x_wconf 89' lang='lat' dir='ltr'>Livii,</span> <span class='ocrx_word' id='word_1_256' title='bbox 1347 3795 1398 3871; x_wconf 94' lang='lat' dir='ltr'>qui</span> 
     </span>
     <span class='ocr_line' id='line_1_32' title="bbox 300 3888 1397 3969; baseline -0.004 -18"><span class='ocrx_word' id='word_1_257' title='bbox 300 3894 390 3951; x_wconf 91' lang='lat' dir='ltr'>utitur</span> <span class='ocrx_word' id='word_1_258' title='bbox 410 3894 557 3951; x_wconf 91' lang='lat' dir='ltr'>adverbiis</span> <span class='ocrx_word' id='word_1_259' title='bbox 584 3892 700 3950; x_wconf 84' lang='lat' dir='ltr'>simul</span> <span class='ocrx_word' id='word_1_260' title='bbox 724 3911 748 3949; x_wconf 91' lang='lat' dir='ltr'>e.</span> <span class='ocrx_word' id='word_1_261' title='bbox 770 3912 796 3969; x_wconf 88' lang='lat' dir='ltr'>g.</span> <span class='ocrx_word' id='word_1_262' title='bbox 823 3910 845 3961; x_wconf 91' lang='lat'>1,</span> <span class='ocrx_word' id='word_1_263' title='bbox 870 3890 915 3961; x_wconf 78' lang='lat'>26,</span> <span class='ocrx_word' id='word_1_264' title='bbox 938 3909 964 3965; x_wconf 81' lang='lat'>3,</span> <span class='ocrx_word' id='word_1_265' title='bbox 995 3888 1114 3949; x_wconf 83' lang='lat' dir='ltr'>statim</span> <span class='ocrx_word' id='word_1_266' title='bbox 1137 3908 1182 3964; x_wconf 90' lang='grc'>24,</span> <span class='ocrx_word' id='word_1_267' title='bbox 1206 3905 1253 3965; x_wconf 90' lang='grc'>27,</span> <span class='ocrx_word' id='word_1_268' title='bbox 1283 3909 1310 3964; x_wconf 92' lang='grc'>4,</span> <span class='ocrx_word' id='word_1_269' title='bbox 1341 3913 1397 3948; x_wconf 85' lang='lat' dir='ltr'>ex·</span> 
     </span>
     <span class='ocr_line' id='line_1_33' title="bbox 301 3985 1397 4068; baseline -0.004 -18"><span class='ocrx_word' id='word_1_270' title='bbox 301 3990 420 4068; x_wconf 82' lang='lat' dir='ltr'>templo</span> <span class='ocrx_word' id='word_1_271' title='bbox 443 4004 469 4065; x_wconf 92' lang='lat'>7,</span> <span class='ocrx_word' id='word_1_272' title='bbox 492 4006 538 4066; x_wconf 75' lang='lat'>39,</span> <span class='ocrx_word' id='word_1_273' title='bbox 565 3985 637 4066; x_wconf 80' lang='lat'>141).</span> <span class='ocrx_word' id='word_1_274' title='bbox 680 3990 746 4048; x_wconf 88' lang='lat' dir='ltr'>Nec</span> <span class='ocrx_word' id='word_1_275' title='bbox 774 4009 837 4048; x_wconf 92' lang='lat' dir='ltr'>non</span> <span class='ocrx_word' id='word_1_276' title='bbox 864 3990 945 4047; x_wconf 90' lang='lat' dir='ltr'>hunc</span> <span class='ocrx_word' id='word_1_277' title='bbox 972 4008 1059 4048; x_wconf 93' lang='lat' dir='ltr'><em>usum</em></span> <span class='ocrx_word' id='word_1_278' title='bbox 1084 3990 1170 4047; x_wconf 91' lang='lat' dir='ltr'>nobis</span> <span class='ocrx_word' id='word_1_279' title='bbox 1191 4007 1345 4048; x_wconf 90' lang='lat' dir='ltr'>occurrere</span> <span class='ocrx_word' id='word_1_280' title='bbox 1366 3989 1397 4046; x_wconf 91' lang='lat' dir='ltr'>in</span> 
     </span>
    </p>
   </div>
   <div class='ocr_carea' id='block_1_6' title="bbox 300 4234 1398 4393">
    <p class='ocr_par' dir='ltr' id='par_1_6' title="bbox 300 4234 1398 4393">
     <span class='ocr_line' id='line_1_34' title="bbox 411 4234 1398 4302; baseline -0.004 -16"><span class='ocrx_word' id='word_1_281' title='bbox 411 4239 436 4301; x_wconf 87' lang='lat'>1)</span> <span class='ocrx_word' id='word_1_282' title='bbox 455 4239 485 4290; x_wconf 88' lang='lat' dir='ltr'>cl.</span> <span class='ocrx_word' id='word_1_283' title='bbox 511 4240 546 4287; x_wconf 85' lang='lat' dir='ltr'>A.</span> <span class='ocrx_word' id='word_1_284' title='bbox 577 4239 731 4301; x_wconf 85' lang='lat' dir='ltr'>Draegerurn</span> <span class='ocrx_word' id='word_1_285' title='bbox 759 4238 776 4289; x_wconf 93' lang='lat' dir='ltr'>l.</span> <span class='ocrx_word' id='word_1_286' title='bbox 803 4237 821 4289; x_wconf 91' lang='lat' dir='ltr'>l.</span> <span class='ocrx_word' id='word_1_287' title='bbox 849 4237 876 4285; x_wconf 92' lang='lat' dir='ltr'>II</span> <span class='ocrx_word' id='word_1_288' title='bbox 906 4253 931 4302; x_wconf 88' lang='lat' dir='ltr'>p.</span> <span class='ocrx_word' id='word_1_289' title='bbox 951 4237 1014 4302; x_wconf 86' lang='lat'>785,</span> <span class='ocrx_word' id='word_1_290' title='bbox 1042 4236 1078 4288; x_wconf 78' lang='lat' dir='ltr'>R</span> <span class='ocrx_word' id='word_1_291' title='bbox 1101 4234 1269 4283; x_wconf 88' lang='lat' dir='ltr'>Kuehnerurn</span> <span class='ocrx_word' id='word_1_292' title='bbox 1297 4234 1313 4284; x_wconf 90' lang='lat' dir='ltr'>l.</span> <span class='ocrx_word' id='word_1_293' title='bbox 1333 4234 1350 4286; x_wconf 90' lang='lat' dir='ltr'>l.</span> <span class='ocrx_word' id='word_1_294' title='bbox 1370 4234 1398 4282; x_wconf 92' lang='lat'>11</span> 
     </span>
     <span class='ocr_line' id='line_1_35' title="bbox 300 4323 1396 4393; baseline -0.006 -15"><span class='ocrx_word' id='word_1_295' title='bbox 300 4345 325 4393; x_wconf 91' lang='lat' dir='ltr'>p.</span> <span class='ocrx_word' id='word_1_296' title='bbox 347 4340 406 4393; x_wconf 85' lang='lat'>594,</span> <span class='ocrx_word' id='word_1_297' title='bbox 425 4328 457 4380; x_wconf 88' lang='lat' dir='ltr'>E.</span> <span class='ocrx_word' id='word_1_298' title='bbox 475 4327 679 4390; x_wconf 83' lang='lat' dir='ltr'>Guethlingium:</span> <span class='ocrx_word' id='word_1_299' title='bbox 697 4328 738 4376; x_wconf 90' lang='lat' dir='ltr'>De</span> <span class='ocrx_word' id='word_1_300' title='bbox 757 4326 809 4376; x_wconf 87' lang='lat' dir='ltr'>Titi</span> <span class='ocrx_word' id='word_1_301' title='bbox 822 4327 888 4374; x_wconf 88' lang='lat' dir='ltr'>Livii</span> <span class='ocrx_word' id='word_1_302' title='bbox 906 4326 1019 4375; x_wconf 82' lang='lat' dir='ltr'>oratione</span> <span class='ocrx_word' id='word_1_303' title='bbox 1037 4325 1181 4390; x_wconf 82' lang='lat' dir='ltr'>disputatio,</span> <span class='ocrx_word' id='word_1_304' title='bbox 1200 4323 1314 4387; x_wconf 76' lang='lat' dir='ltr'>Liegnitn</span> <span class='ocrx_word' id='word_1_305' title='bbox 1330 4323 1396 4384; x_wconf 86' lang='lat'>1872</span> 
     </span>
    </p>
   </div>
   <div class='ocr_carea' id='block_1_7' title="bbox 300 4428 448 4483">
    <p class='ocr_par' dir='ltr' id='par_1_7' title="bbox 300 4428 448 4483">
     <span class='ocr_line' id='line_1_36' title="bbox 300 4428 448 4483; baseline 0.027 -18"><span class='ocrx_word' id='word_1_306' title='bbox 300 4434 326 4483; x_wconf 89' lang='lat' dir='ltr'>p.</span> <span class='ocrx_word' id='word_1_307' title='bbox 349 4428 380 4467; x_wconf 90' lang='lat' dir='ltr'>ro</span> <span class='ocrx_word' id='word_1_308' title='bbox 393 4432 448 4482; x_wconf 91' lang='lat' dir='ltr'>sqq.</span> 
     </span>
    </p>
   </div>
   <div class='ocr_carea' id='block_1_8' title="bbox 0 0 1626 5204">
    <p class='ocr_par' dir='ltr' id='par_1_8' title="bbox 0 0 1626 5204">
     <span class='ocr_line' id='line_1_37' title="bbox 0 0 1626 5204; baseline 0 0"><span class='ocrx_word' id='word_1_309' title='bbox 0 0 1626 5204; x_wconf 95' lang='lat' dir='ltr'> </span> 
     </span>
    </p>
   </div>
  </div>
 </body>
</html>
