3242 5209
186 1195 254 1275 De
285 1194 511 1297 singulari
539 1196 747 1297 quadam
776 1196 824 1277 vi
857 1195 1282 1279 substantivorum.
1323 1260 1326 1263 .

440 1432 465 1478 1.
489 1418 544 1476 De
568 1415 760 1477 abstractis
784 1378 1028 1477 substantivis.
1079 1400 1082 1405 ’

292 1575 383 1633 Porro
404 1576 446 1644 iis,
478 1594 555 1651 quae
577 1576 615 1634 de
636 1576 781 1633 brevitate
811 1576 945 1633 Pliniana
975 1577 1005 1633 in
1035 1578 1205 1635 nominibus
1237 1578 1281 1635 di·

184 1674 281 1731 cenda
302 1680 378 1742 sunt,
407 1672 527 1748 adiungi
555 1680 653 1747 potest
679 1673 846 1730 observatio
868 1674 1017 1749 quaedam
1039 1674 1141 1732 habita
1163 1676 1202 1731 de
1223 1675 1278 1731 ab·
1315 1652 1320 1661 ἱ

184 1770 297 1828 structis
328 1769 487 1837 vocabulis
518 1770 625 1845 quibus
646 1760 792 1839 adhibitis,
824 1788 915 1845 quam
937 1770 1125 1839 admiramur,
1146 1771 1277 1829 insolens

184 1867 303 1925 dicendi
325 1868 511 1925 consuetudo
533 1866 672 1940 ellicitur;
694 1885 730 1925 ac
751 1868 878 1943 primum
900 1868 1021 1943 quidem
1043 1868 1190 1926 abstracta
1211 1869 1281 1926 sub·

183 1965 309 2023 stantiva
335 1971 404 2021 sunt
433 1964 529 2039 posita
559 1983 577 2021 a
608 1963 701 2022 Plinio
732 1982 786 2039 pro
817 1964 969 2034 concretis
1001 1966 1079 2022 velut
1109 1965 1280 2023 adustiones

184 2062 230 2138 (cl.
253 2061 315 2117 XX
337 2058 372 2118 61
395 2070 505 2117 sanat.
530 2106 534 2117 .
558 2106 563 2116 .
586 2061 721 2117 ee'caln‘ees
751 2062 959 2136 adustionesque
984 2060 1086 2139 omna)
1118 2071 1147 2119 et
1176 2063 1281 2121 ambu-

183 2158 294 2217 stiones
322 2157 488 2233 significant
510 2158 747 2227 Brandwunden,
780 2159 831 2234 qui
861 2177 930 2216 usus
959 2177 1012 2234 per
1039 2167 1132 2216 totam
1161 2167 1282 2235 vagatur

186 2255 373 2327 latinitatem;
409 2255 444 2312 cf.
475 2255 595 2313 Terent.
632 2255 689 2312 Ad.
722 2269 780 2331 739
810 2254 961 2331 corruptela
990 2255 1007 2311 i.
1043 2274 1068 2313 e.
1103 2256 1281 2333 corruptrix;

186 2352 279 2410 Plaut.
308 2352 414 2409 Pseud.
446 2351 484 2424 64
514 2354 627 2409 servilia
658 2353 674 2409 i.
702 2370 726 2409 e.
753 2353 840 2424 servi;
872 2352 932 2410 Cic.
963 2371 1005 2428 pr.
1033 2352 1139 2411 Flacco
1165 2354 1204 2427 38
1225 2373 1280 2410 ser-

183 2451 253 2507 uitia
273 2449 393 2518 sileant,·
424 2449 484 2507 Cic.
506 2467 535 2525 p.
558 2449 645 2507 Rosc.
684 2463 718 2524 13
740 2458 770 2506 et
790 2467 832 2525 pr.
855 2449 982 2510 Murena
1002 2463 1041 2522 47
1064 2450 1195 2507 vetrarias
1215 2450 1232 2508 i.
1254 2470 1279 2508 e.

181 2547 281 2617 vicini,
313 2565 391 2622 quae
412 2547 547 2623 exempla
577 2547 674 2604 multis
704 2547 765 2604 aliis
787 2546 887 2622 augeri
907 2544 1068 2624 possuntl).
1112 2546 1202 2603 Hanc
1222 2547 1278 2604 ab·

181 2652 354 2702 structorum
374 2645 619 2702 consuetudinem
634 2662 825 2720 magnacum
840 2644 957 2701 licentia
970 2644 1144 2719 propagavit
1158 2644 1277 2713 Plinius,

181 2761 271 2818 quem
281 2742 409 2818 primum
427 2742 549 2818 quidem
563 2742 746 2799 substantiva
756 2743 905 2800 abstracta
920 2759 1032 2816 ponere
1053 2760 1107 2817 pro
1129 2740 1280 2798 adlectivis

180 2859 248 2898 cum
267 2839 449 2897 substantivo
468 2838 596 2896 hominis
616 2839 780 2896 coniunctis
805 2840 852 2897 his
873 2840 1093 2897 demonstretur
1119 2838 1277 2914 exemplis:

180 2937 226 2995 IX
241 2944 275 2993 26
295 2937 416 2993 iniuriae
429 2944 597 3012 potestatum
614 2932 705 3012 (quae
726 2936 812 2994 lectio
828 2945 908 2993 etex
929 2936 1142 2994 sententiarum
1162 2953 1279 2993 conexu
1381 2984 1386 2995 .

180 3041 210 3089 et
231 3051 267 3089 ex
289 3040 433 3090 structura
453 3032 646 3108 grammatica
666 3040 746 3090 recta
767 3031 825 3110 est)
847 3033 864 3089 i.
887 3052 910 3090 e.
933 3033 1090 3090 hominum
1111 3032 1278 3109 potentium

180 3130 226 3187 vel
256 3130 353 3205 potius
384 3130 411 3187 h.
439 3137 586 3206 potestate
617 3129 794 3197 indutorum,
828 3130 858 3185 in
887 3129 1032 3203 hosptiales
1065 3132 1108 3187 ad
1134 3130 1277 3186 utiendum

180 3229 347 3285 uenientium
368 3229 561 3305 Hipponenses
589 3229 619 3285 in
651 3247 738 3283 necem
769 3228 827 3284 einr
857 3227 1051 3302 compellemur.
1092 3225 1236 3283 XXXIII
1263 3242 1274 3282 1

179 3324 300 3382 tellurem
331 3327 406 3383 intus
436 3326 594 3399 exquirenle
621 3344 688 3381 cura
715 3322 743 3400 (i.
766 3342 790 3381 e.
822 3324 944 3382 homine
965 3323 1100 3400 solllcito)
1128 3322 1280 3398 multiplici

182 3422 269 3490 modo,
285 3424 385 3498 quippe
398 3422 471 3479 alibi
483 3422 590 3478 diuitiis
595 3420 710 3495 sode'lur
721 3428 864 3495 quaerente
879 3420 937 3476 ve'ta
953 3417 1127 3495 (quaerente
1142 3417 1276 3496 homine)

80 3578 83 3583 ,
178 3538 280 3575 aurum
311 3529 470 3595 argentum·
502 3519 547 3576 vel
570 3518 713 3575 XXXIII
736 3534 752 3591 3
775 3537 914 3591 quousque
935 3526 1116 3592 penetratura
1144 3517 1276 3573 ananim.

178 3614 316 3673 Similiter
330 3616 418 3673 etiam
434 3614 609 3672 conformati
624 3622 691 3671 sunt
705 3615 735 3671 hi
752 3614 823 3671 loci:
845 3614 936 3689 prael.
957 3626 990 3686 17
1006 3612 1119 3669 adiectis
1134 3612 1275 3687 plunimi,

179 3732 249 3787 quas
269 3722 320 3768 aul
340 3714 471 3788 ignorant
490 3711 599 3785 peteres
625 3720 676 3768 aut
688 3720 786 3787 postea
808 3712 951 3767 inuenerat
971 3710 1029 3766 uz'ta
1054 3710 1071 3766 i.
1094 3727 1119 3767 e.
1142 3709 1277 3766 homines

178 3810 208 3865 in
229 3828 317 3867 usum
338 3810 429 3881 vitae;
456 3824 509 3882 123
525 3830 561 3864 ex
580 3808 742 3865 secundani>
764 3806 882 3885 (minio)
904 3809 1012 3865 invenit
1032 3808 1091 3863 ur'ta
1110 3815 1137 3863 el
1156 3806 1274 3882 hydrar-

173 3927 290 3982 gyrum·
317 3920 370 3980 147
386 3926 434 3961 nec
447 3906 526 3980 copia
540 3906 651 3980 argenti
667 3913 776 3961 tantum
789 3906 868 3978 fierit
886 3906 959 3974 uita·
980 3903 1058 3960 VIII
1078 3917 1131 3977 147
1147 3902 1276 3977 plun'ma

177 4004 237 4060 alra
252 4006 281 4060 in
302 4004 346 4060 his
360 4004 457 4060 cotidie
472 4005 530 4060 vila
545 4004 658 4059 inventi.
690 4002 825 4060 insolens
847 4002 935 4060 etiam
950 4011 993 4059 est
1014 4001 1096 4058 locus
1117 4000 1238 4056 XXXV
1254 4016 1271 4073 3

177 4100 297 4175 qualiter
329 4100 390 4156 ellos
425 4100 505 4156 narei
536 4108 672 4175 aptassent
699 4098 811 4155 deliciae
840 4099 856 4155 i.
889 4117 912 4155 e.
944 4097 1079 4155 homines
1117 4097 1272 4164 libidinosi,

22 3918 24 3987 l

188 4250 395 4257 ——--—--—-—

285 4338 309 4395 1)
328 4334 359 4385 cl,
372 4338 405 4382 A.
417 4334 597 4397 Draegeruml.
609 4335 624 4388 l¹
644 4334 657 4382 1
677 4350 702 4399 p.
717 4332 760 4400 183
781 4334 817 4385 R.
832 4332 999 4381 Kuehnerum
1017 4331 1034 4383 l.
1050 4331 1066 4383 l.
1086 4348 1111 4395 p.
1126 4342 1157 4395 57
1178 4338 1230 4382 not.
1244 4342 1275 4396 53

178 4421 211 4472 Ο,
232 4422 443 4471 Ruddimannum
462 4422 480 4475 l.
499 4423 515 4473 l.
535 4423 562 4472 11
581 4439 607 4489 p.
626 4433 686 4487 375.
