3242 5209
784 388 961 444 ..13-

322 564 466 623 XXXIII
492 582 523 623 11
549 586 610 622 cum
632 565 732 624 corona
753 587 789 623 ex
810 586 898 636 auro,·
920 573 952 623 81
973 566 1083 624 calicem
1103 586 1141 622 ex
1160 566 1271 635 elecir0,·
1293 588 1339 639 139
1355 585 1429 623 uasa

323 682 361 721 ex
381 673 502 739 argento.
526 664 649 723 Talibus
664 664 843 722 dictionibus
864 664 1160 740 praepositionalibus
1180 664 1309 723 indicata
1322 664 1427 739 oppri-

323 771 445 819 muntur
474 762 568 820 modo
596 762 774 838 appellativa
803 763 883 820 velut
910 762 971 820 VII
993 777 1030 838 53
1052 763 1189 819 Antiocho
1216 763 1275 837 regi
1292 762 1391 839 Syriae
1412 782 1430 819 e

315 857 397 933 plebe
411 856 462 937 (sc.
473 858 537 937 vir.)
553 860 664 916 nemim
673 859 785 916 Artemo
802 860 832 915 in
847 868 956 916 lanium
970 859 1158 933 similrssuit‚·
1181 867 1214 915 60
1230 860 1386 915 inuenitur.
1398 905 1404 915 .
1418 901 1428 918 .

274 969 283 973 “
327 954 360 1013 C.
386 954 546 1031 Crispinum
568 955 705 1013 Hilarum
727 976 764 1012 ex
785 956 906 1032 r'rrgenua
919 955 1000 1031 plebe
1019 955 1179 1011 Faesulana
1201 954 1252 1033 (sc,
1263 956 1426 1034 virum)...

323 1052 487 1119 e'mmolasse,
520 1054 613 1111 modo
644 1053 823 1111 adiectivum
849 1053 895 1110 vel
924 1053 1077 1110 numerale
1103 1052 1290 1109 indefinitum
1310 1072 1442 1111 nomen>

324 1148 527 1224 imprimisque
563 1169 653 1206 unus
687 1150 766 1207 velut
800 1149 893 1207 XVII
930 1163 986 1224 245
1016 1149 1089 1206 Vati
1118 1148 1251 1205 Marcelli
1280 1170 1294 1205 e
1321 1150 1429 1224 primis

305 1247 450 1320 equestris
471 1246 596 1315 ordim's,·
623 1245 669 1303 IX
684 1244 721 1319 67
744 1246 862 1303 Asinius
886 1245 963 1303 Celer
990 1266 1004 1301 e
1028 1246 1217 1304 consularibus
1225 1267 1240 1314 ,·
1269 1263 1301 1318 77
1327 1247 1428 1303 Vedius

322 1342 420 1413 Pollu,
443 1362 520 1418 eques
540 1344 697 1409 Romanus,
720 1364 756 1399 esc
779 1344 878 1400 amicis
905 1343 968 1400 diui
985 1343 1127 1419 Augusli,·
1157 1349 1191 1415 89
1217 1364 1289 1417 quae
1312 1344 1428 1400 Trebius

224 1506 234 1529 Ο
322 1441 416 1517 Niger
434 1461 448 1497 e
468 1441 612 1497 comitibus
645 1442 703 1498 eius
729 1442 879 1516 proalia'il,·
913 1441 960 1498 XI
988 1458 1042 1513 114
1072 1440 1193 1498 Alcman
1221 1462 1235 1497 e
1264 1441 1428 1498 clarissimis

327 1536 462 1597 Graeciae
475 1539 585 1613 poetis,·
606 1538 732 1595 XXXII
751 1554 784 1595 12
788 1555 805 1613 3
826 1540 898 1595 sirm
916 1538 1102 1595 Messalinum
1125 1537 1295 1616 (interemit)
1324 1558 1425 1595 econ·

322 1634 462 1701 sularibus
469 1635 619 1711 patriciis·
640 1634 749 1691 XXXI
766 1650 782 1709 7
799 1637 916 1709 qaifur't
928 1655 942 1692 e
956 1635 1059 1692 libertis
1072 1636 1148 1705 eius·
1163 1636 1242 1692 VIII
1258 1649 1295 1710 55
1313 1635 1426 1692 Hanno

322 1752 336 1789 e
356 1731 517 1789 clarissimis
538 1732 700 1789 Poenorum.
970 1792 973 1794 Α

432 1830 502 1887 Ηο0
532 1848 654 1905 quoque
684 1830 715 1886 in
745 1830 843 1905 capite
871 1830 964 1887 multo
990 1831 1108 1887 excedit
1129 1830 1238 1889 Plinius
1260 1848 1277 1886 e
1298 1847 1424 1887 consue-

323 1927 427 1985 tudine
456 1936 583 2001 recepta,
612 1914 681 1984 cuni
710 1936 828 2001 praeter
856 1927 1033 2002 appellativa
1063 1928 1119 1986 alia
1150 1946 1271 2003 quoque
1300 1927 1425 1985 nomina

323 2023 479 2099 supprimit
499 2024 629 2081 dictione
650 2024 892 2099 praepositionali
914 2024 1048 2082 absolute
1068 2025 1164 2099 posita
1185 2025 1264 2081 velut
1285 2024 1331 2081 IX
1347 2037 1383 2098 73
1399 2034 1427 2079 et

323 2120 457 2192 aplanes·
472 2118 522 2199 (se.
545 2118 653 2199 pisces)
675 2120 829 2195 aliquando
851 2142 906 2179 aon
927 2122 1029 2178 babeat
1041 2123 1162 2198 pr'renas;
1184 2122 1293 2178 XXXI
1319 2138 1373 2195 100
1398 2121 1429 2177 si

323 2226 349 2274 et
369 2218 468 2274 imbres
482 2218 640 2293 adsuerunt,
665 2218 757 2275 menas
770 2239 784 2274 e
796 2220 917 2293 flamine
932 2217 982 2296 (sc,
998 2217 1107 2296 aquae)
1122 2219 1246 2287 addunt·
1268 2217 1423 2275 XXXVII

327 2328 379 2388 151
408 2313 563 2397 Callaicum
586 2323 686 2371 uocaret
704 2336 718 2371 e
737 2314 847 2372 turbido
868 2315 988 2372 callaino
1010 2315 1060 2389 (se.
1082 2313 1233 2392 lapidem).

425 2411 537 2469 Nescio
572 2430 610 2468 an
644 2410 692 2469 hic
722 2412 829 2475 1110110,
857 2413 929 2469 mihi
958 2412 1045 2469 liceat
1074 2412 1294 2470 insolentiorem
1324 2412 1424 2469 locum

323 2506 466 2565 XXXIII
489 2524 535 2583 29,
557 2508 607 2565 ubi
630 2518 690 2566 est:
722 2508 806 2565 anuli
824 2509 975 2566 elistirexere
995 2509 1111 2565 alterum
1126 2510 1249 2566 ordinem
1264 2529 1282 2564 a
1289 2508 1369 2583 plebe
1379 2554 1385 2564 .
1397 2553 1422 2565 ..

323 2604 513 2662 sr'cut'ium'ca
539 2605 574 2662 ab
600 2604 694 2662 anulis
718 2615 867 2675 serratum·
903 2606 1072 2665 brevissime
1098 2606 1179 2663 enim
1204 2607 1262 2663 1100
1287 2605 1422 2661 ultimum

324 2701 436 2759 dictum
458 2711 502 2760 est
522 2721 591 2778 pro:
621 2702 696 2761 sicut
718 2704 818 2762 tunica
832 2712 968 2761 senatum
982 2704 1114 2762 distinxit
1127 2706 1165 2761 ab
1180 2703 1221 2772 iis,
1238 2704 1288 2778 qui
1302 2702 1423 2760 anulum

308 2807 311 2814 '
323 2805 447 2875 gestant.

687 3092 841 3154 'Primus
866 3108 1050 3155 excursus.

391 3248 446 3307 De
466 3249 641 3326 genetivo
662 3247 866 3327 singularis
886 3253 1130 3327 pronominis
1150 3253 1362 3328 possessivi

697 3347 874 3406 neutrius
894 3350 1047 3425 generis.

431 3484 557 3542 Brevem
578 3484 650 3541 mihi
671 3485 757 3543 liceat
778 3505 942 3555 excursum,
954 3488 1052 3545 iacere
1072 3489 1131 3546 hoc
1152 3490 1218 3546 loco
1233 3489 1272 3546 de
1285 3490 1422 3565 genetivo

323 3578 475 3656 singularis
505 3580 688 3655 pronominis
723 3584 880 3655 possessivi
913 3584 1044 3642 neutrius
1078 3586 1199 3661 generis,
1236 3604 1304 3643 cum
1334 3604 1423 3662 supra

323 3676 472 3734 nonnullis
492 3676 564 3735 locis
585 3686 684 3735 actum
705 3678 742 3735 sit
756 3681 795 3736 de
808 3680 954 3755 genetivo,
970 3700 1031 3756 quo
1046 3682 1165 3740 dicendi
1178 3683 1307 3740 brevitas
1324 3683 1423 3758 aliqua

324 3772 456 3831 eflicitur.
499 3772 560 3830 Hic
582 3774 662 3831 enim
682 3775 834 3851 genetivus
856 3796 874 3835 a
893 3778 1082 3852 scriptoribus
1102 3780 1254 3853 prosaicae
1284 3780 1423 3837 orationis
1505 3851 1507 3854 .

324 3877 354 3929 et
374 3870 470 3945 poetis
491 3879 648 3945 argenteae
669 3872 825 3943 latinitatis,
847 3892 925 3951 quae
946 3874 1059 3945 dicitur,
1081 3876 1269 3933 substantivis
1299 3876 1423 3934 adicitur

323 3984 378 4042 pro
399 3966 566 4041 possessivo
587 3969 764 4043 pronomine
779 3971 924 4052 adiective
937 3972 1043 4046 posito,
1059 3991 1127 4030 cum
1141 3972 1253 4047 priores
1267 3973 1423 4048 scriptores

324 4062 405 4121 hunc
433 4063 603 4139 genetivum
633 4075 749 4141 ponant
777 4086 840 4125 non
869 4069 925 4126 nisi
954 4070 1122 4145 genetivum
1154 4070 1341 4139 obiectivum,
1373 4071 1423 4147 qui

324 4160 476 4235 dependet
497 4178 515 4219 a
529 4162 713 4221 substantivo
728 4164 846 4233 verbali,
861 4166 944 4240 quod
959 4166 1103 4241 significat
1112 4184 1271 4240 personam
1286 4176 1423 4241 agentem

324 4256 404 4314 velut
425 4267 613 4315 accusator
632 4261 701 4316 mei
724 4269 754 4317 et
775 4280 791 4317 e
812 4263 1011 4332 substantivis,
1041 4281 1118 4339 quae
1144 4263 1304 4320 admittunt
1331 4283 1422 4340 gene-

324 4352 416 4411 tiVum
438 4354 617 4412 obiectivum
639 4358 719 4413 velut
738 4358 903 4429 stadium,
935 4361 1107 4429 memoria,
1137 4361 1160 4418 si
1186 4368 1248 4418 tota
1270 4379 1315 4419 res
1334 4362 1422 4438 signi-
