3242 5209
745 448 961 522 -³⁶-.

286 630 421 699 planumr
445 616 583 679 XXXVI
607 636 622 678 2
654 628 680 677 et
699 640 788 678 rerum
810 629 914 678 natura
934 618 1031 698 agitur
1059 620 1092 679 in
1106 617 1249 697 planum,·
1278 639 1385 699 quam-

325 736 417 795 quam
436 734 500 776 non
522 724 617 777 exstat
645 720 726 795 apud
748 718 932 789 Ciceronem,
960 727 1094 779 attamen
1113 719 1196 796 apud
1215 720 1384 781 Sallustium

326 815 358 871 in
378 816 442 892 lug.
464 829 511 890 53,
532 815 614 891 apud
635 815 752 875 Livium
774 832 801 886 2,
822 830 851 892 7.
1194 810 1197 815 ’

285 956 393 1003 artum:
415 936 571 997 XXXVII
596 954 608 996 1
633 938 663 996 in
684 948 777 997 arlum
798 950 892 999 coacta
912 985 920 1001 .
941 984 949 1000 .
971 985 978 999 .
1000 940 1148 1011 murittae·
1169 941 1215 1001 IV
1231 942 1283 1020 76;
1305 944 1382 1002 VIII

325 1052 377 1110 44;
399 1036 526 1111 primum
549 1034 637 1094 nobis
658 1036 789 1106 occurrit,
821 1039 904 1114 quod
932 1038 1072 1114 equidem
1092 1039 1225 1111 viderim,
1255 1040 1286 1098 in
1308 1028 1382 1100 l-Ior.

325 1140 377 1190 art.
398 1141 478 1208 poet.
513 1148 568 1207 134
595 1153 642 1190 nec
662 1132 768 1190 desilies
787 1134 915 1192 imitator
932 1136 962 1192 in
983 1146 1087 1202 arium,
1118 1137 1200 1196 unde
1219 1138 1321 1196 nescio
1342 1157 1381 1195 an

325 1228 442 1286 fluxerit
455 1230 486 1285 in
501 1229 666 1288 orationem
675 1230 841 1306 prosaicam
849 1230 1011 1290 Livianam.
1054 1233 1090 1290 ct.
1100 1248 1147 1307 23,
1159 1247 1205 1308 27,
1218 1246 1237 1308 7
1251 1254 1384 1309 armaque

324 1327 411 1383 annis
432 1327 554 1403 tangunt
573 1328 603 1384 in
624 1338 717 1385 artum
739 1328 881 1404 compulsi,
903 1337 994 1405 atque
1015 1330 1125 1389 deiude
1145 1330 1271 1407 saepius.

285 1461 446 1513 directnmt
467 1445 496 1506 V
517 1447 556 1507 80
577 1448 695 1506 altitudo
718 1461 773 1525 per
790 1449 930 1508 dz'reclum.
973 1451 1009 1508 cf.
1031 1450 1093 1509 Liv.
1116 1467 1162 1520 22,
1183 1466 1222 1527 47
1254 1453 1285 1509 in
1311 1452 1384 1510 dire·

326 1554 398 1603 ctum
421 1545 481 1602 niti.

393 1666 477 1725 Plinii
506 1667 641 1743 proprius
671 1686 736 1727 esse
766 1669 883 1728 videtur
911 1689 982 1729 usus
1011 1671 1132 1728 dextri
1162 1678 1253 1747 atque
1281 1672 1383 1730 laevi

285 1764 429 1823 vocabuli.
459 1762 495 1822 ci.
510 1764 588 1822 VIII
605 1778 660 1840 207
673 1764 793 1840 factitiis
813 1766 894 1823 litare
914 1767 944 1824 in
964 1766 1093 1825 dextrum
1114 1788 1199 1843 quam
1221 1769 1252 1825 in
1273 1768 1382 1826 laevum

285 1861 389 1923 detorta
411 1858 539 1941 (cauda),
571 1880 639 1919 cum
662 1862 774 1938 priores
794 1864 951 1940 scriptores
981 1864 1082 1923 dicant
1111 1864 1142 1922 in
1171 1848 1314 1924 dextram¹
1337 1866 1383 1924 vel

284 1957 400 2017 laevam
420 1975 458 2016 sc.
481 1976 604 2017 manum
624 1959 671 2017 vel
691 1968 815 2036 partem.

390 2078 510 2139 Tertiae
530 2080 736 2140 declinationis
757 2091 910 2141 versantur
940 2083 1022 2159 apud
1044 2083 1171 2141 Plinium
1195 2085 1270 2143 haec
1290 2086 1383 2143 modo

285 2177 444 2237 adiectiVa:

285 2326 386 2367 omne:
415 2301 447 2359 II
469 2300 527 2387 Ι208
540 2313 597 2378 per
614 2321 694 2359 omne
707 2311 831 2360 naturae.
868 2303 948 2361 Raro
961 2304 1104 2380 reperitur
1124 2305 1183 2363 hoc
1203 2305 1382 2363 adiectivum

324 2399 507 2457 substantivo
528 2417 584 2457 usu
604 2399 634 2456 in
654 2400 735 2457 bona
756 2399 908 2469 latinitate,
930 2420 1114 2477 quamquam
1135 2403 1248 2472 Cicero
1270 2404 1382 2461 utiam

324 2514 413 2572 supra
433 2496 671 2566 commemoravi,
693 2496 807 2572 scripsit
821 2496 888 2554 Div.
904 2512 931 2566 2,
952 2512 999 2572 50,
1025 2514 1079 2571 103
1102 2498 1236 2556 oratione
1249 2498 1381 2574 philoso-

323 2594 413 2669 phica
432 2602 564 2653 coactus:
586 2594 663 2669 quod
680 2595 709 2651 in
731 2604 835 2651 natura
855 2614 945 2651 rerum
966 2615 1045 2651 omne
1064 2615 1117 2652 esse
1138 2596 1262 2665 dicimus,
1285 2595 1320 2653 id
1336 2597 1381 2653 in·

315 2691 436 2765 fim‘tum
456 2700 513 2761 isa·
543 2698 644 2749 tamen
663 2708 725 2749 non
746 2691 891 2768 significat
916 2712 1016 2749 omne
1044 2692 1143 2751 locum
1162 2712 1262 2769 neque
1283 2693 1382 2752 reterri
1426 2704 1434 2717 ‘

324 2797 422 2863 potest
443 2786 483 2847 ad
504 2788 563 2846 hoc
583 2796 680 2864 caput.

284 2925 423 2976 sublime:
456 2900 578 2969 XXXV
613 2911 667 2968 108
699 2911 819 2969 Victoria
849 2911 1015 2989 quadn'gam
1046 2913 1077 2970 in
1106 2913 1222 2971 sriblt'me
1251 2915 1381 2991 rapiens,·

324 3007 434 3065 XXXI
460 3021 496 3082 57
503 3027 510 3081 ;
542 3007 574 3065 II
606 3023 637 3064 11
649 3028 656 3082 ;
685 3006 738 3085 693
771 3024 834 3065 111.
878 3008 976 3067 Huius
1010 3010 1147 3067 adiectivi
1181 3010 1381 3069 substantivus

324 3124 393 3164 usus
413 3118 513 3182 neque
540 3106 682 3181 reperitur
711 3106 793 3183 apud
814 3106 999 3176 Ciceronem,
1031 3108 1082 3183 qui
1112 3108 1235 3166 adhibet
1264 3127 1382 3183 semper

322 3202 505 3272 adverbium,
528 3202 610 3261 cuius
631 3202 726 3260 forma
747 3211 792 3271 est
811 3202 962 3273 sublime,
984 3222 1075 3281 quam
1096 3204 1255 3264 lectionem
1276 3204 1380 3281 optimi

322 3300 466 3375 praebent
480 3300 606 3369 codices,
628 3318 690 3357 non
711 3298 926 3379 r'nsiiblr'me1)
947 3320 1047 3379 neque
1061 3304 1141 3378 apud
1157 3302 1289 3376 Livinm3
1309 3303 1381 3361 sub-

321 3396 440 3456 stantivi
460 3397 528 3456 loco
548 3398 629 3473 apud
650 3405 726 3455 auct.
748 3398 776 3455 b.
792 3396 853 3455 Atr.
869 3396 908 3470 84
921 3398 1050 3473 primum
1064 3399 1199 3475 legimus:
1222 3400 1252 3458 in
1266 3399 1383 3457 sublim

322 3494 431 3553 extollit
449 3503 601 3561 armatum,
624 3494 734 3553 deinde
755 3496 836 3572 apud
855 3495 994 3553 Tacitum
1001 3492 1025 3574 2)
1047 3505 1077 3555 et
1097 3498 1178 3572 apud
1198 3497 1381 3556 Suetonium.

323 3592 358 3650 cf.
381 3592 485 3651 Claud.
509 3605 545 3667 27
560 3603 616 3669 per
633 3591 723 3649 lusum
745 3592 776 3650 in
796 3591 913 3649 sublim
932 3593 1034 3650 iactato
1055 3591 1152 3673 (piro).

389 3713 509 3773 Deinde
523 3713 716 3791 insequantur
736 3734 772 3774 ea
786 3714 940 3786 adiectiva,
962 3734 1040 3792 quae
1055 3716 1119 3773 vice
1132 3716 1382 3775 substantivorum

283 3811 424 3887 temporis
444 3811 658 3887 significatione
674 3813 843 3889 funguntur,
865 3812 948 3871 cuius
969 3812 1011 3871 rei
1031 3812 1137 3871 iterum
1158 3815 1239 3888 apud
1255 3814 1382 3871 Plinium

282 3908 374 3968 rarius
394 3909 583 3968 inveniuntur
603 3912 739 3987 exempla
770 3930 862 3988 quam
886 3912 968 3988 apud
987 3912 1101 3988 priores
1121 3911 1285 3994 scriptores.
1328 3914 1382 3971 Se·

283 4007 399 4066 eundae
420 4006 625 4067 declinationis
639 4009 714 4067 haee
735 4008 919 4086 reperiuntur
939 4010 1091 4085 exempla:

286 4169 500 4183 -Β--ι--ι-ι

394 4268 419 4331 ι’)
439 4266 471 4323 ci.
489 4266 512 4321 Ῑ.
531 4267 568 4321 Η.
587 4266 712 4323 Schmalz.
749 4268 948 4320 Antibarbarum
966 4286 987 4323 s.
1006 4285 1030 4323 v.
1049 4269 1164 4320 sublimis
1182 4278 1208 4319 et
1221 4270 1258 4323 R.
1272 4268 1381 4320 Kiihue·

283 4371 339 4407 rum
357 4356 390 4406 ad
408 4356 510 4411 Tuscul.
529 4357 548 4410 l.
567 4368 610 4423 40.
659 4355 662 4359 ’

389 4444 417 4515 2)
435 4447 466 4501 ci.
486 4444 535 4501 Th.
555 4445 715 4497 Panhoilium
734 4446 752 4500 l.
771 4446 787 4500 l.
