3242 5209
790 438 965 499 »go-

326 594 490 677 aliquando,
519 606 662 661 sinotum
686 605 759 661 nulli
778 606 822 662 dii
849 614 912 661 ante
933 623 1017 679 qnam
1048 600 1148 677 nali1).
1199 595 1290 673 Apud
1314 588 1433 652 Livium

329 700 537 761 desideramus
564 721 655 778 saepe
683 703 793 759 lorrnas
824 701 905 759 verbi
933 718 997 759 esse
1025 700 1055 755 in
1084 696 1240 773 participio
1271 692 1370 759 futuri,
1402 691 1434 746 in

333 797 525 856 coniunctivo
547 808 638 875 atque
659 801 833 874 imperfecto
854 798 1012 868 indicativi,
1034 797 1088 853 sed
1109 812 1227 869 semper
1248 800 1311 849 tam
1332 789 1435 847 faciles

329 902 400 950 suut
430 894 578 953 eiusmodi
618 896 682 965 loci,
717 905 750 953 ut
780 896 929 953 observ-ari
959 913 1020 950 non
1052 892 1144 968 possit
1175 888 1315 963 exempla
1346 885 1436 942 huius

330 991 499 1049 omissionis
528 994 670 1050 cumulari
701 995 745 1051 vel
777 994 912 1051 consulto
942 993 1010 1067 peti.
1073 989 1192 1047 Deinde
1221 1005 1323 1062 neque
1352 983 1436 1059 apud

332 1086 495 1145 Caesarem
517 1108 617 1165 neque
649 1092 729 1165 apud
757 1090 925 1147 Sallustium
954 1088 1110 1145 insolentia
1140 1086 1264 1161 legimus
1286 1081 1436 1156 exempla,

332 1202 402 1240 cum
424 1185 518 1243 durae
547 1188 605 1243 sint
635 1205 725 1262 saepe
753 1188 833 1263 apud
863 1187 997 1244 Curtium
1024 1185 1134 1241 Rufum
1166 1182 1344 1239 omissiones
1376 1179 1437 1235 lor-

329 1299 445 1337 marum
467 1293 541 1338 erat
567 1293 597 1340 et
626 1293 728 1340 erant.
751 1284 786 1340 cl.
817 1284 844 1340 V
870 1300 912 1353 10,
934 1282 968 1339 6:
1002 1282 1044 1338 M
1059 1291 1085 1337 et
1104 1281 1137 1337 D
1158 1278 1277 1351 mercede
1306 1275 1442 1333 conducti

331 1386 358 1432 el
378 1379 506 1453 Agm'oni
515 1382 577 1454 sere
606 1381 649 1436 M
669 1382 793 1437 Tauroni
814 1382 951 1455 praesecto
981 1380 1044 1435 dan
1071 1399 1105 1434 oc
1122 1386 1193 1452 post>
1212 1375 1278 1433 solis
1309 1390 1438 1430 occasum

334 1476 388 1532 iter
407 1476 520 1549 ingredi
545 1477 615 1534 inssi
641 1476 756 1554 (erant).
780 1484 782 1489 '
808 1478 963 1550 Quatenus
986 1476 1095 1533 Plinius
1116 1470 1326 1548 propagaverit
1357 1471 1440 1525 hanc

334 1572 450 1647 ellipsin
474 1574 611 1648 exempla
633 1593 720 1649 supra
741 1575 827 1632 allata
849 1576 1060 1631 demonstrant.

332 1806 365 1881 b)
388 1806 427 1861 in
459 1806 667 1863 enuntiatis
689 1806 877 1881 primariis
899 1806 955 1863 vel
977 1802 1222 1862 secundariis
1244 1802 1443 1857 indicatae

611 1955 639 2029 a)
662 1954 829 2011 dictione
850 1951 1169 2028 praepositionali.

445 2083 503 2140 His
531 2084 678 2159 exemplis·
699 2085 810 2141 addere
839 2084 909 2140 mihi
940 2084 1024 2141 liceat
1050 2083 1113 2140 illos
1144 2082 1235 2150 locos
1270 2080 1380 2156 quibus
1411 2078 1444 2134 in

323 2179 499 2242 enuntiatis
528 2180 670 2254 primariis
692 2188 721 2236 et
750 2181 929 2237 secundariis
950 2181 1072 2237 verbum
1103 2197 1168 2236 esse
1199 2178 1332 2256 dictione
1352 2192 1445 2250 prae·

337 2276 507 2350 positionali
536 2277 697 2333 indicatum
718 2277 826 2333 delicit.
878 2277 1031 2334 Dictiones
1062 2276 1208 2332 eiusmodi
1231 2274 1446 2331 conformatae

337 2382 407 2429 suut
428 2374 649 2448 praepositione
938 2365 940 2370 ¹

336 2510 385 2547 ex:
408 2484 456 2541 IX
487 2480 541 2560 139
561 2486 612 2541 sed
628 2486 687 2542 olm
713 2506 726 2542 e
737 2487 802 2561 fine
823 2487 921 2559 inr'tro;
952 2487 998 2544 XI
1036 2503 1092 2561 130
1112 2495 1194 2561 alque
1215 2485 1300 2541 etrum
1324 2482 1449 2539 nomina

379 2601 416 2636 ex
436 2601 466 2637 eo
493 2580 639 2655 Capillatis
668 2582 784 2657 Alpium
813 2582 916 2651 incolis,
952 2582 1064 2641 Gallr'ae
1094 2591 1237 2650 comnloe;
1273 2588 1329 2655 145
1358 2598 1451 2653 neque

380 2676 440 2733 nlla
461 2694 498 2733 ex
512 2686 595 2752 porte
617 2679 723 2735 maiora
744 2680 839 2735 animi
857 2679 962 2735 indicta
983 2680 1087 2735 conclis
1108 2678 1290 2736 animalibus.

337 2803 389 2852 ab:
412 2790 458 2846 IX
485 2787 541 2863 136
562 2791 600 2847 ab
622 2792 656 2847 iis
682 2792 843 2849 Flaccorum
871 2794 1050 2869 cognomina3
1082 2809 1141 2850 200
1161 2792 1198 2849 ab
1219 2793 1270 2848 lzoc
1292 2790 1451 2848 nenlm'culo

382 2885 465 2941 lactes
486 2887 516 2941 in
537 2906 585 2942 oue
605 2896 630 2943 et
649 2888 765 2956 homine,
780 2900 836 2963 per
854 2908 922 2963 quas
942 2888 1048 2945 labitur
1066 2889 1149 2958 ailus,
1183 2890 1213 2944 in
1235 2887 1330 2944 ceterr's
1350 2885 1451 2951 hillae,

380 3002 399 3037 a
421 2981 522 3056 quidm
542 2984 671 3039 r'rrleslina
694 2984 736 3039 ad
755 2984 854 3042 alnam.
897 2985 1013 3060 Ellipsis
1036 2986 1123 3061 primi
1143 2985 1286 3061 exempli:
1314 2984 1367 3040 sed
1385 2982 1453 3039 alia

382 3060 472 3151 efine
493 3080 577 3135 inilia
597 3097 659 3136 non
689 3089 733 3137 est
762 3081 898 3150 insolens,
930 3083 1071 3157 quoniam
1103 3081 1291 3139 enuntiatum
1324 3080 1453 3156 vulgare

382 3182 435 3243 est,
457 3175 488 3231 in
510 3193 571 3250 quo
593 3176 700 3233 eodem
714 3177 805 3233 modo
821 3186 911 3253 atque
931 3179 961 3234 in
982 3179 1142 3254 proverbiis
1164 3178 1359 3253 supprimitur
1380 3196 1452 3234 ver-

386 3271 468 3327 bum.
491 3272 526 3328 cf.
543 3272 602 3331 Cic.
618 3274 656 3329 de
670 3274 720 3330 fin.
737 3290 762 3343 2,
785 3290 822 3347 32
845 3275 962 3331 iucundi
974 3276 1032 3332 acti
1049 3274 1168 3348 labores3
1191 3275 1273 3333 Lael.
1298 3291 1333 3331 21
1348 3276 1454 3332 omnio

383 3365 531 3439 praeclara
547 3387 619 3423 roro.
662 3368 752 3425 Porro
767 3368 811 3426 his
825 3370 896 3427 locis
911 3371 949 3426 illi
964 3371 1152 3429 Ciceroniani
1167 3372 1347 3428 conferendi
1362 3380 1452 3428 sunt:

384 3462 415 3517 in
438 3480 479 3518 or.
501 3481 542 3537 pr.
566 3463 662 3521 Deiot.
685 3464 711 3532 8,
744 3481 781 3537 24
813 3466 888 3523 nilril
913 3467 955 3523 ad
979 3476 1057 3524 tuum
1086 3469 1250 3543 equitatum,
1284 3468 1331 3525 vel
1364 3469 1454 3542 quod

384 3555 509 3635 legimus
529 3558 559 3612 in
580 3567 638 3615 nat.
661 3559 688 3615 d.
715 3576 738 3628 1,
769 3558 806 3617 26
829 3562 867 3618 vin
896 3563 1124 3639 interrogatione
1155 3573 1248 3622 recta:
1281 3564 1356 3637 qnid
1373 3564 1455 3619 enirn

386 3651 420 3706 in
433 3652 558 3727 physicis
577 3654 697 3728 Epicnn'
715 3676 769 3711 non
790 3677 808 3712 a
829 3658 1008 3715 Democm'lo?

699 3873 728 3953 β)
751 3878 1088 3939 coniunctionibus.

459 3999 526 4057 Alia
547 4002 697 4060 enuntiata
717 4008 891 4064 secundaria
913 4018 943 4065 et
963 4010 1101 4084 primaria
1122 4013 1355 4071 introducuntur
1377 4032 1456 4071 con·

345 4094 557 4163 iunctionibus‚
574 4098 624 4172 qui
638 4099 758 4173 quidem
772 4119 842 4159 usus
857 4121 1039 4180 quamquam
1053 4126 1115 4165 non
1138 4117 1199 4166 tam
1222 4129 1323 4186 saepe,
1347 4120 1457 4168 tamen

346 4191 394 4246 his
417 4190 464 4246 vel
486 4190 538 4248 illis
560 4192 628 4248 locis
650 4195 803 4253 adhibetur
824 4218 842 4255 a
863 4200 1015 4259 Cicerone.

358 4313 570 4320 -———-—--..

465 4382 489 4441 1)
507 4380 538 4429 cl.
558 4383 592 4431 A.
612 4383 701 4444 Draeg.
720 4383 736 4434 l.
756 4384 771 4437 l,
791 4382 802 4418 ²
821 4386 833 4432 I
852 4402 876 4452 p.
899 4400 946 4453 197
957 4406 995 4456 sq.
