3242 5209
770 403 945 451 ..6οῆ-

312 598 366 633 tion
388 578 538 647 arboribus
559 579 609 633 sed
620 577 693 634 illud
711 576 740 633 in
754 578 837 653 spina
851 585 960 632 tantism
975 595 1014 635 sc.
1036 576 1118 650 vivit3
1140 576 1278 633 XXXIV
1293 591 1330 652 37
1346 598 1408 634 cam

311 676 448 751 Lysippus
468 676 538 733 Ml)
566 688 647 751 opera
660 676 757 749 secz'sse
769 674 936 751 prodatur.
960 720 966 732 .
988 719 995 733 .
1026 664 1169 731 numeram
1200 676 1337 751 aperuisse
1352 674 1408 754 „de-

303 774 402 845 functo
424 792 460 841 eo,
483 794 544 829 cum
566 774 722 830 thesauram
744 774 892 848 effregisset,
914 774 988 829 heres
1008 791 1046 831 sc.
1066 772 1208 847 proditur.
1244 772 1292 829 De
1314 771 1408 829 medi·

311 888 413 926 corum
434 888 570 928 sermone
592 870 863 928 commonefaciunt
893 870 998 927 iterum
1029 870 1103 927 haec
1134 870 1238 927 verba:
1270 868 1347 926 XXI
1370 867 1409 943 76
1458 875 1460 878 '

309 966 508 1041 sedquoniam
529 969 622 1023 statim
646 968 844 1043 repraesentari
871 967 968 1042 ali'qaa
998 968 1028 1023 in
1058 968 1144 1024 tantis
1165 964 1276 1023 insidiis
1295 974 1406 1043 oportet,

312 1062 429 1118 iniilsam
462 1072 570 1121 aetnae
591 1063 667 1119 inille
696 1064 798 1139 optima
829 1073 855 1120 et
883 1074 956 1130 rata,
988 1063 1159 1121 salsamenta
1187 1066 1270 1120 eli'am
1301 1082 1340 1122 sc.
1362 1083 1408 1123 re·

310 1168 475 1235 praesento,

369 1454 401 1534 d)
424 1474 468 1514 ex
490 1458 680 1515 enuntiato
701 1457 918 1516 secundario
940 1457 974 1513 in
996 1457 1094 1515 aliud
1116 1458 1343 1515 enuntiatum

729 1555 992 1612 secundarium.

418 1710 570 1780 Conferas,
599 1712 622 1769 si
648 1711 725 1780 libet,
754 1730 822 1768 cum
851 1710 895 1768 his
917 1710 1119 1787 similibusque
1140 1710 1211 1769 locis
1239 1711 1325 1769 aliam
1347 1730 1408 1769 ser·

311 1808 408 1865 monis
429 1808 702 1883 breviloquentiam,
732 1826 800 1865 curn
828 1808 956 1883 primum
984 1826 1021 1863 ex
1052 1808 1205 1867 enuntiato
1233 1808 1409 1865 secundario

310 1904 499 1963 adiciendum
531 1913 575 1962 est
605 1899 727 1961 verbum
759 1905 789 1961 in
819 1905 899 1963 aliud
921 1905 1106 1962 enuntiatum
1134 1905 1342 1962 secundarium
1364 1905 1409 1963 his

296 2004 394 2061 locis:
417 2004 445 2059 V
470 2020 506 2077 It)
528 2004 577 2059 dia
592 2024 683 2078 regam
703 2004 819 2060 nornine
833 2004 979 2068 obtinuere,
1003 2012 1034 2058 at
1046 2004 1213 2078 Bagatiana
1227 2001 1413 2078 appellaretur

311 2109 433 2169 estlama,
463 2102 578 2174 itemque
598 2100 711 2165 Bocchi,
744 2121 814 2174 qaae
842 2120 916 2156 atine
941 2098 1127 2157 Caesarienses
1147 2118 1186 2157 sc.
1209 2099 1394 2173 appellantur
1401 2118 1408 2171 ;

259 2226 262 2231 ·
311 2206 340 2254 et
360 2196 423 2253 XII
450 2213 504 2271 134
533 2218 616 2271 qiiam
646 2197 700 2253 alii
725 2196 812 2253 elaten
842 2207 967 2253 vocant.
990 2243 995 2254 .
1019 2242 1024 2254 .
1054 2196 1131 2272 quod
1155 2216 1203 2253 nos
1232 2197 1346 2253 abietem
1368 2214 1407 2253 se.

310 2312 459 2351 vocamus

416 2390 536 2447 Deinde
558 2409 574 2447 e
595 2390 728 2465 gerundii
749 2392 844 2447 forma
859 2392 1084 2467 cognoscendus
1105 2398 1149 2447 est
1163 2390 1323 2447 infinitivus
1345 2391 1408 2447 XII

310 2487 349 2563 89
370 2490 441 2545 extis
462 2490 627 2565 impetratae
646 2490 727 2545 nenia
749 2489 888 2554 caedendi,
913 2498 1077 2546 nontamen
1100 2497 1131 2544 iit
1150 2497 1214 2544 ante
1234 2497 1323 2544 ortum
1344 2487 1410 2544 salis

310 2594 361 2641 aia
375 2594 439 2661 post
458 2586 679 2663 occasumstceat
698 2605 736 2643 sc.
753 2588 886 2644 caedere.
918 2588 1058 2663 Denique
1079 2606 1097 2644 e
1117 2586 1269 2663 participio
1284 2586 1410 2643 verbum

310 2684 453 2741 enuntiati
485 2684 651 2741 secundarii
682 2684 729 2741 ΙΙΙ
752 2702 770 2761 t)
792 2686 916 2741 Baetis.
939 2731 945 2741 .
968 2729 974 2741 .
997 2705 1052 2741 noa
1074 2730 1081 2741 .
1104 2731 1109 2742 .
1133 2730 1138 2741 .
1161 2684 1288 2740 dientem
1309 2683 1409 2758 oppido

309 2780 512 2857 sed'Tugiensi
530 2782 655 2838 exoriens
681 2782 764 2848 saltn,
797 2784 881 2840 i'axta
911 2804 989 2858 qaam
1015 2783 1105 2839 Tader
1119 2783 1228 2857 flam'as
1247 2800 1286 2839 sc.
1309 2780 1408 2849 oritur,

264 2900 266 2905 ·
310 2877 361 2953 qai
380 2921 387 2935 .
409 2922 415 2935 .
438 2922 444 2935 .
467 2879 547 2954 rigat.

311 3430 341 3490 7.
367 3416 526 3476 Verbum
543 3414 682 3477 finitum
700 3413 890 3488 omittitur,
913 3414 944 3475 si
968 3413 1099 3476 similis
1114 3414 1213 3475 notio
1231 3413 1409 3474 antecedit

716 3523 787 3615 ‚vet
812 3520 984 3595 sequitur.

418 3698 466 3755 Ab
487 3698 521 3755 iis
547 3698 625 3767 lociS,
657 3698 687 3753 in
718 3698 824 3773 quibus
852 3698 1011 3774 separatim
1038 3706 1137 3754 actum
1159 3706 1203 3754 est
1231 3697 1270 3753 de
1300 3696 1409 3753 eodem

311 3795 402 3851 verbo
423 3796 601 3870 supplenda,
632 3795 671 3851 ad
694 3795 782 3851 alium
804 3796 947 3851 accedam
975 3813 1060 3852 usum
1085 3801 1163 3851 certe
1185 3792 1409 3850 memorabilem

251 3910 252 3914 ¹
310 3891 474 3948 naturalem
511 3892 665 3947 historiam
696 3892 904 3964 tractantibus;
939 3909 1019 3947 nunc
1054 3891 1133 3947 enim
1161 3898 1329 3964 spectemus
1373 3908 1410 3947 ea

312 3988 456 4063 exempla,
486 3989 515 4044 in
545 3988 652 4064 quibus
673 3989 795 4046 verbum
824 3989 939 4044 finitum
965 3987 1113 4055 omittitur,
1143 3987 1167 4045 si
1197 3987 1298 4044 similis
1326 3986 1410 4042 notio

312 4086 466 4167 antecedit
482 4086 526 4143 vel
549 4086 692 4161 sequitur;
721 4105 756 4143 ac
777 4085 905 4160 primum
927 4086 1048 4162 quidem
1075 4084 1168 4161 agitur
1190 4085 1229 4141 de
1250 4083 1410 4141 enuntiatis

312 4183 455 4257 primariis
476 4192 505 4239 et
527 4164 707 4239 secundariis
736 4182 811 4239 inter
832 4201 863 4240 se
885 4183 1071 4250 coordinatis,
1101 4201 1161 4257 qua
1188 4182 1219 4237 in
1248 4199 1278 4237 re
1299 4169 1411 4238 facilior

313 4288 356 4335 est
378 4278 492 4353 ellipsis,
515 4279 540 4337 si
561 4298 597 4335 ex
612 4280 702 4335 verbo
717 4280 847 4353 negandi
861 4280 1034 4335 addendum
1057 4288 1100 4335 est
1119 4279 1242 4335 verbum
1256 4277 1410 4334 affirmans

312 4375 357 4431 vel
379 4376 512 4444 invicem,
535 4378 616 4450 quod
639 4375 761 4449 legimus
783 4375 828 4431 bis
850 4375 920 4431 locis
941 4374 987 4430 XI
1010 4390 1027 4447 5
1050 4377 1150 4430 insecta
1173 4371 1261 4429 inulti
1275 4384 1411 4447 irrigarunt
