3242 5209
776 432 950 492 ,55-

357 614 411 675 175
426 603 548 676 piscium
576 622 677 677 genera
707 603 860 658 etiamnum
882 623 900 658 a
925 602 1107 677 Theophrasto
1138 603 1210 657 miro
1233 600 1414 676 produntur:

352 698 424 755 circa
445 698 601 774 Babylonis
622 700 703 774 rigua
725 744 731 756 .
811 718 929 756 remeare
948 699 1081 773 quasdam
1103 706 1157 755 ete.

419 818 553 876 Tertium
574 818 758 877 accusativus
779 838 848 876 cum
868 819 1013 877 infinitivo
1033 819 1130 895 primo
1154 819 1220 876 loco
1241 819 1355 893 pendet
1377 835 1414 874 ex

312 918 404 974 verbo
425 916 509 973 finito
531 916 675 973 enuntiati
697 917 831 992 regentis,
862 916 972 973 deinde
999 916 1131 992 sequitur
1159 914 1253 973 oratio
1275 914 1414 990 obliqua:

315 1012 362 1069 IX
382 1029 421 1088 94
443 1014 604 1089 navigeram
626 1012 837 1070 similitudinem
858 1023 883 1069 et
903 1012 990 1069 aleam
1013 1013 1043 1069 iu
1064 1011 1231 1087 Propontide
1252 1013 1341 1068 uitam
1362 1011 1421 1067 sihi

307 1109 436 1185 prodidit
455 1109 628 1167 Mutianus:
650 1110 781 1167 concham
802 1130 855 1166 csse
875 1111 964 1167 acatii
982 1110 1062 1167 modo
1083 1111 1259 1178 carucatam,⁴
1280 1108 1361 1165 XIII
1376 1107 1417 1183 69

313 1215 339 1262 ct
358 1206 431 1262 hauc
453 1206 618 1263 Alexandri
636 1207 744 1283 Magm'
772 1208 888 1264 ur'ctoria
918 1217 1049 1283 repertam
1075 1216 1173 1263 arcctor
1199 1216 1239 1263 est
1257 1206 1301 1263 M.
1331 1206 1417 1262 Vama

313 1303 425 1359 condita
440 1303 470 1359 iu
485 1304 608 1380 Aegypto
623 1284 820 1362 Alexandrea:
841 1302 955 1382 autca1)
972 1305 1124 1379 nonfuine
1137 1304 1297 1361 chartarum
1313 1323 1393 1360 usum
1402 1324 1417 1372 ,·

313 1400 385 1457 item
406 1400 548 1462 XXXIII
575 1417 625 1458 111
635 1401 710 1474 ;,XI
732 1400 783 1475 4d;
806 1402 838 1459 II
864 1417 906 1459 10.

422 1523 561 1600 Denique
582 1526 713 1593 verbum,
735 1543 772 1581 ex
794 1544 855 1601 quo
876 1526 1007 1600 pendeat
1028 1524 1122 1582 oratio
1140 1524 1269 1599 obliqua,
1292 1522 1418 1580 omnino

314 1618 425 1688 deficit,
449 1622 501 1678 sed
516 1621 663 1678 indicatur
677 1622 886 1680 coniunctione
896 1622 989 1680 enim
1004 1621 1079 1679 XVI
1095 1620 1133 1695 63
1149 1621 1204 1678 olii
1215 1621 1272 1677 situ
1286 1620 1417 1687 dionem·

316 1725 491 1791 campestrem
513 1719 585 1773 enim
608 1738 660 1774 csse
681 1719 809 1794 crispam,
834 1729 997 1777 montanam
1016 1720 1153 1794 spissam·
1175 1706 1213 1792 67
1240 1717 1345 1776 Graeci
1362 1718 1420 1773 si'tu

316 1813 489 1871 ducemuut:
511 1825 657 1891 campestre
677 1818 749 1873 euim
772 1816 922 1873 candidum
944 1836 998 1873 esse
1018 1837 1065 1873 nec
1085 1818 1224 1892 criepum,·
1246 1814 1356 1871 XXXI
1380 1830 1418 1887 32

316 1911 375 1967 ideo
396 1920 422 1967 et
442 1912 518 1968 uiues
531 1914 696 1988 promerunt
709 1914 871 1989 nimbusque
891 1915 973 1970 ctiam
992 1913 1109 1989 glaciem
1132 1958 1138 1970 .
1161 1957 1167 1969 .
1190 1958 1196 1970 .
1219 1912 1322 1968 leuiora
1343 1912 1419 1967 euim

315 2008 382 2065 hacc
402 2028 455 2065 csse
474 2017 501 2065 et
516 2009 633 2084 glaciem
656 2010 741 2067 miella
762 2010 888 2067 leuiorem
910 2032 993 2085 aqua.

425 2131 604 2189 Insolentius
625 2132 720 2189 oratio
741 2131 863 2206 obliqua
884 2132 981 2205 posita
1001 2139 1045 2188 est
1068 2131 1149 2187 nullo
1164 2132 1255 2188 verbo
1270 2130 1420 2189 sentiendi

316 2227 513 2284 antecedente
544 2245 644 2304 neque
674 2227 884 2285 coniunctione
914 2228 1044 2285 indicata
1074 2225 1138 2283 XII
1163 2241 1232 2283 101:
1265 2225 1341 2282 Sunt
1370 2226 1423 2299 qui

316 2324 507 2398 Aethiopicam
522 2324 742 2400 hispraefierant,
761 2324 892 2400 glandem
915 2326 1025 2399 nigram
1054 2343 1101 2380 uec
1114 2324 1251 2399 pinguem
1274 2321 1422 2396 nucleoque

313 2419 425 2495 gracili,
448 2420 498 2485 sea'
514 2420 626 2495 li'cJuorc,
656 2423 708 2496 qui
735 2422 904 2497 exprimitur
930 2421 1090 2486 adoratcou',
1114 2429 1267 2477 nascentem
1289 2421 1319 2475 iu
1341 2439 1420 2475 caru·

310 2517 467 2592 pestm'bus:
498 2517 663 2594 Aegyptiam
687 2520 822 2595 pinguem
851 2538 903 2574 esse
923 2507 950 2574 el
968 2519 1096 2575 crantore
1119 2519 1214 2573 cortice
1235 2516 1374 2572 rubentem
1396 2525 1423 2571 et

318 2616 447 2689 quamuis
467 2615 497 2671 in
511 2604 692 2691 palustu'bui
707 2626 846 2682 nascatur,
869 2616 1015 2673 brcm'arcm
1036 2616 1234 2689 sr‘ccroremque.

397 3210 427 3272 6.
455 3214 613 3274 Verbum
637 3211 823 3293 omittitur,
848 3211 878 3273 si
904 3229 948 3274 ex
972 3211 1264 3274 antecedentibus
1288 3214 1347 3272 vel

602 3317 830 3392 sequentibus
855 3318 990 3394 expleri
1014 3321 1139 3394 potest.

430 3502 487 3559 His
516 3502 723 3579 brachylogiae
750 3503 900 3561 Plinianae
930 3503 1061 3577 partibus
1092 3503 1233 3561 absolutis
1263 3484 1312 3560 ad⁸
1333 3503 1423 3560 aliam

320 3600 433 3657 accedo
448 3607 571 3674 partem,
586 3600 616 3655 in
632 3586 690 3674 qna
705 3599 867 3657 dicendum
881 3599 952 3655 mihi
967 3607 1011 3657 est
1025 3600 1063 3656 de
1078 3600 1239 3657 omissione
1254 3600 1422 3669 verborum,

321 3714 399 3771 quae
421 3714 458 3751 ex
479 3696 722 3753 antecedentibus
752 3697 798 3754 vel
819 3697 1011 3772 sequentibus
1032 3697 1128 3753 verbis
1154 3696 1265 3771 expleri
1287 3704 1422 3771 possunt.

322 3791 388 3849 Iam
410 3791 639 3867 uniuscuiusque
668 3793 781 3867 generis
812 3792 948 3869 exempla
976 3794 1103 3851 maxime
1134 3802 1301 3849 memoratu
1332 3794 1424 3869 digna

321 3888 428 3945 afferre
442 3887 515 3943 mihi
529 3887 614 3943 liceat
628 3895 718 3962 atque
732 3888 786 3945 fiat
799 3889 914 3945 initium
928 3908 964 3946 ex
983 3890 1016 3946 iis
1032 3890 1198 3957 enuntiatis,
1221 3908 1299 3965 quae
1314 3891 1423 3947 eadem

322 3983 500 4042 condicione
519 3984 711 4059 grammatica
732 3993 858 4041 utuntur.

437 4223 461 4289 1)
480 4225 511 4277 cs.
534 4225 562 4276 C.
577 4224 755 4277 Dziatzkonis:
774 4226 1002 4289 Untersuchungen
1021 4229 1084 4277 iiber
1102 4229 1270 4293 ausgewiihlte
1289 4230 1362 4293 Kap.
1379 4230 1425 4279 des

323 4312 426 4361 antiken
445 4313 611 4362 Buchwesens
639 4315 685 4363 mit
703 4316 775 4371 Text,
802 4316 991 4379 Uebersetzung
1017 4318 1069 4366 und
1096 4318 1237 4381 Erklitrung
1256 4334 1306 4367 von
1326 4318 1426 4367 Plinius

325 4401 359 4451 N.
380 4401 415 4453 Η.
434 4402 505 4449 XIII
524 4400 638 4468 68-89,
657 4403 721 4469 Lps.
743 4414 820 4463 1900,
839 4419 863 4467 p.
885 4404 926 4466 58.
