3242 5209
790 446 960 507 -ῃ-

330 614 382 671 init
402 614 499 671 einem
522 614 657 685 Genetiv,
680 634 725 672 wo
750 617 798 673 die
820 617 938 673 frt'rhere
954 617 1045 674 Prosa
1066 617 1250 694 gewbhnlich
1272 619 1326 675 das
1347 618 1427 675 attri-

330 712 430 768 butive
455 710 592 769 Adiectiv
619 713 789 789 gebraucht,
821 713 858 771 ist
882 714 931 771 bei
962 713 1061 772 Livius
1091 715 1160 772 sehr
1189 715 1298 793 hauiig,
1316 715 1428 792 jedoch

330 809 383 865 mit
403 809 536 885 wenigen
552 810 747 868 Ausnahmen
772 809 804 886 (s.
828 812 856 868 V
878 810 924 885 38,
947 830 966 884 4
986 812 1017 868 in
1040 831 1139 888 aequo
1159 811 1269 891 campi)
1291 813 1340 870 bei
1360 831 1428 889 par·

330 905 431 963 titiven
446 906 675 979 Verhltltnissen,
696 908 729 985 (s.
746 924 772 978 2,
788 923 835 983 45,
855 925 891 965 10
904 911 943 966 ad
958 909 1093 966 ultimum
1108 910 1268 979 seditionis
1286 926 1311 979 2,
1327 908 1374 983 64,
1393 927 1425 967 11

330 1003 475 1078 reliquum
496 1000 603 1076 noctis;
636 1021 661 1079 3,
690 1018 734 1079 72,
765 1019 781 1081 7
812 1006 958 1082 reliquum
989 1007 1079 1083 anni).
1131 1007 1191 1064 Sed
1221 1006 1429 1083 imperatoriae

329 1102 433 1161 aetatis
454 1111 562 1179 poetae
584 1112 614 1161 et
635 1106 705 1162 inde
726 1124 743 1162 a
774 1104 858 1162 Livio
886 1123 983 1162 rerum
1004 1106 1159 1182 scriptores
1190 1105 1283 1163 laxius
1304 1105 1362 1163 hoc
1383 1105 1428 1163 di-

331 1200 419 1257 cendi
440 1219 549 1276 genere
577 1211 705 1271 utuntur,
737 1221 805 1261 cum
836 1203 991 1261 cuiuslibet
1012 1203 1233 1279 significationis
1259 1203 1429 1278 genetivum

330 1299 553 1373 dependentem
582 1300 692 1357 faciunt
720 1302 759 1358 de
788 1301 934 1358 adiectivo
963 1301 1145 1359 substantive
1175 1307 1325 1375 usurpato,
1347 1299 1430 1356 cuius

330 1396 371 1453 rei
393 1397 530 1471 exempla
551 1416 568 1454 e
583 1397 661 1455 libn's
677 1388 846 1474 Augusteae
860 1398 965 1455 aetatis
985 1398 1160 1473 scriptorum
1175 1396 1293 1472 collegit
1313 1404 1430 1471 praeter

226 1565 230 1571 1
331 1492 403 1550 alios
426 1491 461 1550 O.
485 1493 667 1553 Riemannus
693 1494 710 1551 l.
737 1494 754 1551 l.
776 1514 803 1570 p.
829 1510 886 1568 204
908 1504 937 1552 et
959 1508 1003 1570 77.
1056 1495 1210 1552 Nonnulla
1231 1512 1353 1572 quoque
1383 1493 1428 1548 in-

331 1590 430 1647 venies
469 1592 550 1665 apud
591 1591 699 1648 Thom.
737 1592 984 1649 RuddImannum
1022 1592 1053 1648 in
1089 1610 1195 1667 opere:
1232 1589 1448 1649 institutiones

330 1688 546 1763 grammaticae,
569 1689 619 1745 ubi
640 1689 734 1765 agitur
754 1690 793 1746 de
815 1688 955 1766 regimine
985 1708 1013 1765 p.
1043 1688 1080 1764 65
1112 1697 1172 1747 not.
1203 1706 1231 1760 4.
1263 1688 1430 1762 Quousque

332 1784 441 1843 Plinius
462 1786 541 1843 hanc
562 1786 745 1861 usurpaverit
764 1795 947 1855 structuram,
979 1805 1057 1862 quae
1087 1786 1280 1862 insequantur
1301 1786 1431 1841 doceant

332 1883 475 1959 exempla,
498 1884 685 1960 primumque
707 1886 754 1942 hic
775 1886 928 1961 genetivus
949 1886 1062 1960 pendet
1083 1904 1120 1942 ex
1141 1884 1300 1953 adiectivis,
1322 1881 1429 1958 quibus

332 1982 397 2039 loca
427 1980 639 2057 significantur:
676 1982 785 2039 XVIII
818 1982 853 2039 18
884 1983 1100 2058 immensumque
1129 1991 1264 2039 terrarum
1292 1980 1429 2037 adiectum

333 2078 467 2155 imperia,⁸
497 2078 606 2136 XVIII
639 2095 677 2154 39
697 2100 837 2136 summum
853 2080 1048 2156 providentiae
1057 2101 1071 2149 ,·
1093 2079 1125 2135 II
1151 2096 1203 2137 102
1227 2080 1372 2152 infinitum
1394 2097 1431 2135 ar

331 2178 467 2253 repertore
488 2184 591 2233 nalum
606 2178 687 2243 aemi,
704 2179 849 2252 infinitum
871 2188 896 2234 et
909 2179 1011 2235 terreni
1021 2177 1145 2234 halituus
1160 2179 1280 2234 miscens.
1325 2176 1431 2251 Usque

332 2275 430 2333 adhuc
451 2274 523 2330 nihil
539 2277 614 2332 Inest
629 2275 801 2333 offensionis
817 2276 847 2332 in
862 2276 907 2332 his
922 2275 1073 2351 exemplis,
1090 2294 1158 2332 cum
1179 2293 1241 2331 non
1262 2273 1432 2349 pertineant

331 2372 386 2429 nisi
407 2373 447 2429 ad
468 2372 614 2436 adiectiva
635 2374 785 2431 secundae
814 2372 1019 2430 decIInationis
1042 2372 1113 2429 nihil
1134 2371 1214 2447 aliud
1235 2371 1431 2447 significantia

331 2467 427 2537 (simili
448 2469 539 2525 modo
561 2487 596 2526 ac
617 2470 754 2545 multum)
786 2470 842 2527 nisi
872 2471 996 2527 modurn
1019 2470 1065 2527 vel
1086 2477 1210 2545 partem,
1233 2486 1326 2544 quare
1339 2485 1430 2543 gene·

331 2566 406 2624 tivus
427 2584 544 2641 semper
565 2575 610 2624 est
630 2566 782 2642 genetivus
811 2567 970 2642 partitivus,
993 2568 1075 2625 cuius
1097 2567 1137 2624 rei
1159 2566 1295 2641 exempla
1316 2564 1432 2641 collegit

331 2682 347 2720 e
368 2661 480 2737 scriptis
503 2663 703 2743 Ciceronianis
725 2672 753 2721 et
775 2664 905 2721 Livianis
928 2664 1182 2740 Naegelsbachius
1204 2664 1220 2720 l.
1243 2663 1259 2719 l.
1281 2681 1309 2739 p.
1333 2676 1379 2736 59.

438 2760 593 2818 Interdum
612 2770 681 2819 ante
702 2761 777 2819 haec
798 2762 944 2819 adiectiva
967 2762 1202 2838 praepositiones
1216 2759 1332 2835 positae
1352 2766 1429 2827 sunt,

325 2842 421 2933 quem
442 2876 529 2915 usum
550 2858 704 2933 scriptores
720 2858 817 2917 Latini
839 2859 950 2917 classici
973 2878 1068 2935 usque
1089 2860 1128 2917 ad
1149 2858 1265 2915 Livium
1285 2856 1432 2914 rarissime

331 2955 475 3012 adhibent
505 2973 603 3031 neque
628 2955 733 3013 iterum
763 2956 793 3012 in
825 2956 887 3014 aliis
908 2956 1058 3014 adiectivis
1079 2964 1177 3031 atque,
1209 2963 1242 3011 ut
1261 2954 1320 3011 iam
1342 2971 1432 3028 supra

332 3054 569 3121 commemoravi,
597 3052 811 3129 significatione
832 3054 975 3130 partitiva.
1026 3054 1086 3112 Sed
1108 3053 1218 3110 Plinius
1239 3070 1330 3127 saepe
1351 3051 1431 3108 hanc

331 3159 507 3209 structuram
537 3150 659 3208 adhibet
687 3168 751 3207 non
783 3152 921 3227 neglecto
951 3170 1006 3209 usu
1036 3149 1224 3208 classicorum
1255 3148 1431 3223 scriptorum

332 3249 366 3305 ci.
388 3246 469 3305 velut
489 3247 520 3303 II
550 3244 588 3304 86
610 3248 640 3304 in
663 3247 751 3304 medio
771 3247 836 3305 solis
867 3257 892 3304 et
912 3257 1020 3315 terrae,·
1046 3262 1099 3319 103
1122 3255 1148 3302 et
1167 3255 1268 3302 terram
1290 3245 1320 3301 in
1343 3243 1432 3300 mcdzh

332 3343 434 3400 mundi
452 3343 573 3418 undique
593 3343 758 3419 impellunt,·
784 3344 848 3401 XII
872 3358 908 3419 52
932 3344 961 3400 in
984 3343 1072 3399 rnedrh
1093 3342 1151 3398 eius
1170 3349 1237 3398 surzt
1247 3342 1308 3414 jere
1328 3340 1429 3395 Astra-

333 3442 423 3498 mitae.
483 3440 616 3517 Tempus
647 3442 814 3517 significans
845 3442 903 3499 hoc
933 3440 1056 3517 legimus
1087 3439 1118 3496 II
1151 3437 1208 3496 228
1241 3438 1284 3493 ad
1311 3436 1431 3493 medriam

334 3538 419 3596 noctis
439 3538 576 3595 exuberat.
1137 3522 1139 3525 Α

439 3652 649 3711 insolentiores
680 3673 744 3713 esse
772 3654 908 3712 videntur
928 3653 986 3711 loci
1007 3650 1150 3709 XXXIII
1183 3663 1221 3725 7o
1250 3670 1264 3706 c
1287 3648 1457 3725 prirfundo.

334 3751 419 3807 neoris
433 3760 523 3826 petere
544 3752 733 3827 marganlas,·
763 3752 844 3809 nisus
876 3751 935 3808 hoc
963 3750 1030 3806 loco
1052 3747 1271 3823 lectionemque
1293 3746 1432 3804 codicum

332 3848 493 3924 vulgarium
533 3850 770 3925 sententiamque
801 3849 833 3907 C.
866 3846 1025 3923 Mayhoffii
1062 3853 1180 3903 secutus
1213 3844 1257 3902 his
1289 3843 1432 3919 exemplis

332 3946 493 4021 adiungere
507 3947 604 4003 audeo
618 3946 681 4003 XII
698 3963 714 4003 2
732 3947 861 4003 antonem
876 3945 907 4001 in
928 3944 1024 4000 Rubri
1037 3943 1123 4000 man's
1131 3942 1273 4017 profiaendo
1295 3938 1432 4017 (quaeri),

333 4060 401 4098 cunr
422 4060 459 4099 ex
480 4042 627 4100 locutione
649 4062 665 4100 e
686 4044 875 4118 profundo
904 4041 997 4099 mari
1018 4041 1072 4109 vel,
1095 4041 1178 4116 quod
1199 4038 1322 4115 legimus
1344 4037 1434 4096 etiam

333 4139 471 4197 omnibus
499 4140 615 4215 linguae
640 4140 764 4202 Latinae
792 4140 982 4215 temporibus,
1014 4157 1031 4196 e
1059 4137 1248 4213 profundo
1272 4134 1322 4213 (sc.
1344 4134 1430 4213 mari)

332 4234 403 4292 illud
424 4254 460 4305 „e
480 4237 629 4310 profundo
660 4237 765 4294 maris“
788 4245 885 4293 ortum
914 4244 965 4305 est,
989 4236 1061 4292 dum
1082 4233 1226 4294 ablativus
1248 4229 1430 4299 substantivi,

288 4372 291 4378 -
333 4332 383 4407 qui
404 4333 587 4407 supplendus
608 4342 678 4405 erat,
700 4351 718 4390 a
739 4332 834 4391 Plinio
855 4332 885 4388 in
906 4331 1032 4408 genetivi
1053 4331 1150 4388 forma
1171 4329 1302 4387 adicitur.
1346 4326 1428 4384 Hinc
1459 4377 1461 4380 .

333 4447 464 4504 egressus
486 4430 595 4488 deinde
616 4430 729 4507 scripsit
744 4426 782 4487 ἸΙ
797 4428 834 4487 62
851 4441 906 4507 per
910 4429 1085 4507 profundum
1108 4428 1188 4485 aeris
1231 4426 1268 4483 ln
1289 4424 1334 4482 his
1355 4442 1431 4499 quo·
1474 4432 1477 4435 ⁴
