3242 5209
688 415 864 465 -29-

254 572 323 644 som
344 614 348 625 .
372 614 378 624 .
402 614 407 624 .
431 567 504 624 uelut
523 570 691 643 inquiesceus
709 582 814 647 semper
830 585 908 643 aret,·
930 575 1000 633 item
1022 577 1082 635 VII
1105 594 1156 654 77;
1182 581 1261 640 VIII
1282 600 1316 657 3;

263 682 318 742 50;
344 679 406 740 '¹97-

223 784 383 841 tamquam:
405 762 547 821 XXXIII
564 780 578 821 2
596 773 738 839 tamquam
755 768 871 841 parrum
887 770 1006 846 benigna
1018 774 1162 849 fertilique
1176 776 1315 855 (tellure);

261 862 351 937 prael.
375 861 412 917 26
433 870 576 936 tamquam
592 863 722 919 inchoata
741 877 847 939 semper
857 876 916 923 arte
928 877 955 923 et
967 869 1143 944 imperfecta,·
1165 872 1243 931 VIII
1261 875 1317 933 180

261 967 388 1033 actusque
408 958 439 1013 in
460 957 590 1013 exsilium
612 967 755 1033 tamquam
777 960 871 1017 colono
890 982 940 1019 suo
961 966 1138 1041 interempto,·
1164 968 1228 1025 XII
1250 987 1316 1045 3ac

260 1073 312 1111 sua
333 1054 452 1110 numina
473 1062 616 1127 tamquam
638 1074 652 1109 e
672 1055 744 1111 caelo
765 1058 908 1115 attm'buta.

172 1211 175 1219 ,
221 1167 411 1231 praesertim:
433 1150 464 1207 Il
487 1166 504 1223 3
526 1160 603 1207 tanto
618 1154 780 1226 praesertim
802 1166 897 1229 opere,·
922 1171 960 1231 59
973 1161 1138 1233 praesertim
1159 1170 1236 1218 tanto
1257 1164 1314 1220 des·

260 1260 345 1308 cretus
365 1248 516 1305 interuallo.
1277 1312 1286 1322 ‚

323 1340 459 1405 Maxime
480 1348 759 1405 commemorandus
774 1358 819 1405 est
839 1348 888 1407 hic
909 1352 997 1421 locuS,
1020 1372 1080 1429 quo
1095 1357 1226 1431 sequitur
1240 1376 1312 1415 con·

220 1446 400 1509 iunctionem
430 1444 520 1510 quod
548 1444 690 1501 ablativus
717 1446 877 1516 absolutus,
907 1449 957 1505 ubi
984 1468 1016 1507 re
1040 1469 1109 1509 vera
1136 1453 1207 1508 nihil
1233 1454 1313 1511 aliud

220 1550 405 1617 exspectatur
426 1541 481 1599 nisi
502 1542 624 1598 verbum
646 1542 774 1615 ilnitu1n;
805 1543 919 1618 scripsit
944 1547 1023 1602 enim
1045 1546 1155 1605 Plinius
1175 1549 1314 1607 XXXVI

219 1654 257 1713 94
278 1639 430 1694 etiamnum
451 1639 501 1695 loc
522 1639 614 1695 minus
635 1639 747 1704 mirum,
770 1660 854 1714 quam
877 1643 953 1715 quod
960 1643 1085 1717 flumiru
1099 1646 1219 1703 medium
1234 1650 1313 1723 oppi-

219 1736 285 1793 dum
307 1737 485 1811 interstumte,
509 1755 570 1813 quo
584 1736 658 1805 loca,
681 1756 771 1814 quam
786 1738 877 1796 libere
892 1750 1012 1815 usurpet
1026 1742 1136 1800 Plinius
1149 1744 1311 1819 participia,

218 1835 286 1893 satis
312 1836 536 1893 demonstratur.
579 1832 646 1900 Sed,
668 1834 754 1891 liceat
769 1835 840 1891 mihi
861 1836 919 1893 hoc
933 1855 1055 1913 quoque
1069 1840 1182 1909 aliene,
1205 1840 1314 1898 Plinius

218 1950 255 1989 eo
275 1933 410 2007 procedit
430 1932 565 1989 licentiae
595 1931 680 1987 huius
702 1940 871 2002 structurae,
902 1943 935 1989 ut
955 1935 1109 2010 participia
1136 1937 1217 1995 verbi
1238 1938 1314 1994 liniti

213 2030 281 2089 ¹vice
309 2031 475 2106 iungantur.
514 2030 549 2085 cl.
571 2028 618 2084 IX
640 2042 677 2102 57
707 2029 799 2102 itaque
828 2030 872 2085 lu's
897 2031 1035 2087 mensibus
1062 2034 1153 2089 tacent
1180 2033 1315 2108 speluncis

212 2127 326 2190 ,conditi
344 2172 349 2183 .
373 2172 378 2183 .
401 2172 406 2183 .
430 2126 555 2183 maxime
575 2126 717 2201 hippurus,
740 2140 764 2181 et
779 2128 903 2183 coracini
920 2128 1008 2184 literne
1024 2124 1089 2185 nou
1100 2132 1178 2205 capti
1188 2141 1313 2206 praeter-

216 2245 301 2299 quam
321 2228 401 2282 statis
421 2225 515 2281 diebus
528 2225 649 2300 paucis,·
672 2223 708 2297 58
724 2238 748 2278 et
768 2222 878 2297 alioqui
888 2233 974 2281 totum
990 2246 1065 2282 mare
1084 2229 1167 2284 sentit
1186 2238 1311 2285 exortum

216 2324 274 2380 eius
293 2324 396 2392 sillen's,
419 2323 495 2397 quod
512 2322 637 2378 maxime
658 2324 687 2376 ia
709 2321 831 2395 Bosporo
852 2331 985 2396 apparet‚·
1009 2323 1076 2399 alga
1087 2326 1169 2387 ¹enim
1184 2334 1210 2381 et
1222 2328 1313 2400 pisces

215 2422 427 2495 supeq‘eruntur,
461 2420 608 2493 omniaque
628 2418 664 2473 ab
685 2418 740 2473 imo
763 2437 859 2486 uersa‚·
890 2417 925 2475 όι
950 2419 1095 2477 asellorum
1122 2422 1176 2477 duo
1197 2443 1309 2497 genera,

216 2516 330 2572 callon'u
357 2518 474 2573 minores
503 2526 528 2572 et
553 2515 655 2583 bacchz',
687 2517 740 2589 qui
765 2536 820 2571 non
842 2517 901 2572 nisi
918 2517 948 2573 in
979 2516 1035 2573 alto
1065 2518 1221 2593 capiuntur,
1250 2520 1310 2577 idm

211 2614 336 2689 praelati
369 2614 529 2689 prron'bus,·
565 2613 724 2688 phasianas
767 2633 828 2668 uero
876 2614 1011 2671 cnten'mit
1050 2616 1108 2671 nisi
1132 2615 1311 2691 pulverantes

214 2731 279 2785 sese3
314 2713 361 2769 XI
390 2729 406 2769 2
410 2728 447 2786 55
482 2712 619 2768 leonu'uem
655 2712 706 2785 qui
731 2712 929 2767 ercammarum
968 2713 1066 2769 habere
1096 2713 1195 2791 (talos)
1222 2716 1312 2790 facile

215 2812 339 2878 convz'cti,
375 2812 391 2868 i.
423 2829 446 2868 e.
479 2810 699 2867 convincuntur.
764 2808 841 2884 Ergo
879 2810 1010 2884 plurimis
1048 2811 1093 2869 his
1130 2812 1201 2870 locis
1242 2832 1309 2888 par-

215 2908 344 2983 ticipium
366 2908 488 2983 perlecti
502 2926 564 2963 non
578 2908 636 2963 iarn
653 2925 683 2963 re
699 2924 767 2962 vera
780 2908 903 2981 praebet
918 2893 1040 2982 perlecti
1055 2895 1308 2984 significationem,

214 3007 268 3063 sed
289 3015 333 3063 est
354 3006 482 3080 positum
512 3022 566 3079 pro
598 3004 751 3060 enuntiato
779 3004 909 3072 relativo,
939 3005 1021 3062 cuius
1048 3005 1253 3079 praedicatum
1280 3008 1309 3063 in

213 3104 376 3182 praesentis
398 3113 531 3179 tempore
553 3113 603 3161 est.
655 3103 722 3159 Hac
744 3103 950 3162 observatione
978 3102 1060 3159 nisus
1081 3085 1162 3158 illum
1189 3121 1310 3179 quoque

214 3202 311 3259 locum
339 3202 462 3258 dubium
489 3202 662 3276 interpreter
688 3200 734 3255 IX
768 3216 830 3266 111,
861 3200 912 3255 ubi
940 3218 1044 3256 omnes
1073 3208 1190 3273 praeter
1217 3219 1310 3257 unum

213 3302 357 3376 praebent
378 3301 511 3357 codices:
534 3298 590 3357 illis
610 3299 697 3373 captis
710 3297 798 3371 facile
819 3306 917 3352 ceteras
932 3296 1063 3371 palantes
1074 3296 1174 3352 retibus
1194 3297 1309 3368 includi,

215 3398 298 3453 multo
329 3398 426 3453 deinde
456 3397 566 3453 ebrietas
594 3394 651 3451 sale
680 3396 709 3451 iu
742 3395 815 3449 arasr's
836 3393 985 3467 fictilibus,
1018 3413 1086 3450 cum
1111 3394 1142 3449 ln
1165 3394 1184 3449 d
1206 3395 1310 3453 codice

214 3496 357 3574 (Parisino
367 3514 443 3553 saec.
460 3494 552 3571 XIII)
568 3495 711 3569 legamus:
737 3492 822 3548 multo
838 3492 935 3547 deinde
949 3492 1046 3547 obruta
1060 3491 1117 3548 sale
1131 3501 1195 3560 etc„
1218 3511 1309 3567 quem

213 3613 341 3652 errorem
371 3594 456 3651 facile
477 3611 513 3650 ea
541 3611 572 3648 re
603 3601 699 3648 ortum
730 3608 802 3659 esse,
835 3589 931 3666 (quod
962 3590 1139 3647 vocabulum
1168 3589 1311 3647 obrutas

213 3692 281 3749 exiit
301 3692 332 3747 in
353 3692 478 3748 litteram
499 3708 512 3747 s
535 3698 625 3765 atque
646 3706 774 3763 sequens
794 3686 972 3744 vocabulum
992 3686 1065 3742 sale
1085 3687 1185 3761 incipit
1200 3688 1238 3743 ab
1253 3688 1310 3746 hac

215 3786 330 3867 littera),
347 3788 586 3847 verisimillimum
607 3796 658 3855 est,
681 3787 720 3843 ita
743 3794 774 3842 ut
792 3804 809 3842 a
824 3785 920 3842 scriba
934 3785 1024 3842 altera
1039 3803 1052 3841 s
1067 3784 1161 3841 littera
1174 3784 1310 3859 neglecta

214 3887 257 3943 sit.
301 3886 378 3962 Ergo
400 3887 485 3943 lectio
508 3895 672 3943 ceterorum
693 3884 831 3940 codicum
862 3892 940 3939 recta
971 3900 1034 3939 esse
1063 3882 1184 3938 videtur.
1231 3882 1310 3941 Cum

214 3992 313 4040 autem
334 3983 392 4040 hoc
419 3984 484 4040 loco
516 3984 637 4039 verbum
666 3984 771 4038 deesse
800 3988 924 4056 putaret,
956 3978 1082 4035 coniecit
1103 3978 1309 4038 Detletsenus:

214 4080 298 4137 multo
320 4081 417 4136 deinde
444 4081 526 4137 abrai
548 4100 593 4137 eas
617 4080 680 4148 sale,
710 4098 787 4155 quae
816 4079 984 4135 coniectura
1010 4095 1045 4133 ea
1073 4094 1105 4132 re
1131 4076 1202 4131 mihi
1231 4087 1310 4135 recta

212 4196 273 4234 non
295 4196 359 4236 esse
391 4179 512 4247 videtur,
545 4179 627 4254 quod
655 4196 765 4233 novum
796 4176 961 4233 subiectum
985 4174 1144 4231 accusativi
1175 4191 1243 4229 cum
1263 4175 1309 4231 in·
1348 4180 1351 4183 ’

213 4276 326 4332 linitivo
348 4294 409 4334 non
431 4286 624 4351 exspectatur,
647 4276 738 4331 immo
755 4294 823 4331 vero
839 4273 990 4330 tolerabile
1005 4291 1067 4329 non
1085 4280 1128 4329 est
1142 4266 1309 4346 pronomen

210 4381 298 4443 „eas“
320 4375 349 4431 in
371 4393 425 4431 usu
447 4374 590 4440 Pliniano,
624 4374 682 4448 qui,
713 4381 745 4429 ut
766 4390 854 4446 supra
876 4370 1117 4439 commemoravi,
1138 4371 1309 4445 saepissime
