3242 5209
738 408 913 472 -38-

592 645 699 751 b)'De
720 673 868 732 casibus
889 673 1062 749 obliquis.

387 839 454 899 Hos
475 858 596 917 quoque
618 858 702 898 casus
723 840 852 898 aPlinio
871 840 1021 916 neglectos
1042 858 1104 896 non
1126 858 1190 897 esse
1211 838 1271 895 iam
1291 857 1380 913 supra

278 937 381 1017 paucis
402 937 470 995 dixi.
514 938 573 995 Eos
595 945 696 995 autem
717 937 852 995 omittam
873 937 962 1006 locos,
994 937 1101 1013 quibus
1130 956 1167 994 ex
1188 936 1378 993 circumstan-

280 1036 356 1093 tibus
374 1034 528 1092 -vocabulis
558 1034 628 1091 satis
658 1034 786 1110 intellegi
815 1024 922 1110 potest,
954 1035 1036 1110 quod
1066 1052 1159 1110 genus
1189 1033 1380 1096 statuendum

278 1118 322 1190 sit.
366 1131 462 1190 Multo
483 1130 601 1189 liberius
622 1139 666 1189 est
686 1131 805 1189 dicendi
826 1150 920 1207 genus
941 1131 1089 1207 scriptoris
1110 1130 1155 1188 his
1176 1130 1260 1187 locis:

387 1246 526 1305 Genetivi
541 1247 677 1322 exempla
686 1255 803 1322 praeter
817 1246 986 1323 genetivum
1000 1246 1170 1322 partitivum
1185 1245 1264 1302 velut
1278 1244 1380 1320 quid-

281 1344 366 1420 quid
388 1343 487 1413 boni,
518 1361 595 1419 quae
624 1344 812 1403 usitatissima
842 1352 911 1402 sunt
940 1345 1022 1420 apud
1050 1343 1205 1419 scriptores
1233 1341 1379 1410 classicos

281 1441 353 1498 mihi
373 1459 435 1499 non
456 1450 645 1499 occurrerunt
665 1442 695 1498 in
717 1441 843 1500 naturali
864 1441 993 1499 historia.

389 1554 531 1611 Dativum
562 1572 663 1613 casum
685 1554 730 1612 his
756 1555 828 1613 locis
849 1554 1015 1612 invenimus
1037 1553 1068 1611 II
1092 1570 1107 1609 2
1131 1553 1262 1627 titfzizilur
1281 1572 1315 1609 ac
1335 1553 1380 1609 ia-

272 1650 363 1725 siaito
382 1650 483 1708 similis
504 1648 588 1729 (est);
619 1652 689 1709 ibid.
722 1652 847 1709 omnium
876 1671 965 1708 reram
986 1660 1072 1707 certas
1099 1660 1125 1707 et
1144 1649 1246 1707 similis
1267 1651 1381 1718 incerta·

286 1764 339 1805 102
362 1768 442 1805 omne
461 1750 538 1824 quad
554 1750 641 1806 itiam·
665 1736 755 1806 stinile
777 1748 889 1806 vitalem
920 1750 994 1805 hiena
1020 1749 1148 1822 spiritam
1161 1747 1272 1821 fundit,
1305 1763 1382 1822 quae

278 1846 404 1929 ¹quidem
426 1847 562 1923 exempla
583 1866 619 1905 ea
639 1865 671 1905 re
692 1849 864 1906 excusanda
884 1855 961 1916 sunt,
984 1848 1066 1924 quod
1087 1847 1182 1923 agitur
1202 1846 1242 1903 de
1262 1863 1294 1901 re
1315 1844 1380 1919 phi-

282 1942 436 2018 losophica
455 1962 555 2019 neque
586 1962 649 2001 non
670 1944 767 2002 multis
789 1944 868 2014 locis,
901 1954 934 2001 ut
963 1944 1023 2001 iam
1053 1962 1142 2018 supra
1172 1942 1381 2010 demonstravi,

282 2040 466 2116 reperiuntur
486 2040 516 2097 in
538 2041 651 2118 scriptis
677 2042 889 2118 philosophicis
911 2041 1119 2110 Ciceronianis,
1152 2040 1260 2117 quibus
1281 2058 1381 2098 exem·

283 2136 338 2211 plis
358 2136 417 2194 hoc
438 2154 559 2212 quoque
581 2137 771 2195 adiciendum
793 2132 837 2197 'est
857 2138 950 2196 XVII
972 2136 1011 2210 48
1042 2137 1132 2194 omm's
1161 2145 1253 2193 autem
1283 2155 1383 2210 marga

283 2241 362 2290 arato
385 2231 479 2312 (agro)
502 2234 642 2291 zitz‘cienda
663 2244 707 2293 est.

279 2356 281 2360 '
391 2347 560 2405 Ablativum
582 2367 684 2407 casum
705 2349 750 2407 his
771 2349 893 2426 legimus
915 2350 987 2407 locis
1008 2357 1098 2424 atque
1112 2348 1240 2424 primum
1261 2347 1383 2423 quidem

284 2444 314 2501 id
336 2445 418 2520 quod
439 2444 498 2502 iam
519 2447 643 2520 praebet
664 2446 768 2505 Cicero

284 2578 397 2631 medio:
435 2566 591 2625 XXXVII
626 2568 680 2643 183
717 2570 833 2626 reddit.
856 2614 861 2625 .
885 2614 891 2626 .
923 2569 1011 2626 medio
1040 2569 1224 2644 sanguineum
1255 2564 1382 2644 (sucum)

324 2663 710 2741 summooclerum,·1167;
737 2679 799 2741 171.

194 2842 196 2847 ,
284 2799 450 2864 profundo:
479 2787 606 2844 XXXII
631 2803 686 2861 143
709 2808 778 2863 quae
792 2788 934 2864 prestando
958 2798 1062 2845 natura
1083 2788 1189 2856 mersit·
1220 2787 1252 2845 II
1276 2802 1331 2859 203
1354 2786 1384 2841 in
1426 2838 1429 2841 ,

326 2884 419 2942 eadem
441 2894 468 2941 et
487 2884 619 2960 oppidum
652 2886 782 2942 baustum
797 2886 947 2961 pretfunda
990 2886 1107 2943 Aiierre
1129 2885 1218 2943 etiam
1248 2884 1335 2941 liceat
1355 2883 1384 2938 id

289 2974 292 2977 ’
327 2982 409 3057 quod
430 2982 583 3058 proprium
605 2991 650 3041 est
665 2982 761 3040 Plinii:
784 2983 941 3056 XXXVII
956 2983 995 3059 89
1011 2982 1086 3041 nileil
1103 2984 1133 3040 in
1147 3002 1200 3039 saa
1220 2982 1280 3038 sede
1300 2981 1383 3037 inter-

227 3146 230 3153 ,
278 3156 280 3162 y
318 3078 426 3154 pellari
443 3078 533 3137 alz'eno
547 3080 648 3156 placet.

392 3192 556 3251 Videamus
577 3212 656 3251 nunc
679 3212 715 3251 ea
736 3194 889 3265 adiectiva,
922 3214 1000 3272 quae
1029 3194 1280 3254 substantivorum
1311 3202 1384 3252 tem·

217 3302 219 3308 ’
278 3309 360 3367 pora
381 3290 609 3366 significantium
630 3290 741 3380 vicibus
762 3292 930 3369 funguntur.

288 3408 289 3411 ’
393 3402 556 3462 GenetIvus
586 3423 670 3463 casus
691 3405 750 3463 hoc
770 3396 912 3482 probetur
932 3406 999 3464 loco
1021 3406 1082 3464 VII
1108 3423 1171 3482 190,
1193 3407 1245 3463 ubi
1266 3415 1322 3465 est:
1353 3427 1386 3462 ac

287 3500 413 3577 duplicat
425 3500 530 3558 obituri
541 3500 658 3558 dolorem
672 3502 756 3559 ettam
765 3503 935 3578 postfuturi
945 3504 1144 3570 aestimatione,
1168 3504 1250 3580 quod
1265 3504 1386 3579 quidem

287 3599 466 3658 adiectivum
487 3599 669 3658 substantive
689 3600 823 3675 usurpari
843 3619 862 3658 a
883 3600 967 3658 Livio
988 3619 1076 3676 supra
1096 3600 1156 3658 iam
1177 3600 1312 3658 diximus.

394 3713 548 3771 Ablativus
570 3731 654 3772 casus
675 3714 803 3789 primum
824 3715 906 3790 apud
926 3714 1052 3771 PlInium
1072 3714 1118 3773 his
1139 3714 1227 3772 locis:
1249 3713 1328 3771 XIX
1349 3728 1386 3789 37

288 3812 435 3869 tenerrima
456 3809 584 3888 (tubera)
606 3820 697 3878 autem
727 3832 809 3869 verno
830 3831 902 3881 essa·
932 3811 979 3868 XI
1001 3809 1040 3869 86
1062 3812 1219 3881 matutina·
1249 3812 1320 3870 item
1341 3813 1387 3869 IX

204 3896 224 3927 ⁸
289 3908 327 3983 36
348 3918 429 3984 atque
450 3919 481 3965 at
501 3919 621 3966 remeant
642 3910 798 3978 matutino,·
820 3909 866 3966 XI
893 3906 960 3983 116;
986 3910 1054 3984 198;
1076 3908 1231 3966 XXXVII
1254 3924 1304 3982 513
1326 3909 1388 3966 VII

293 4005 355 4063 181.
397 4006 489 4063 Addo
511 4006 623 4078 II‘240
654 4006 723 4063 viret
752 4016 860 4063 aeterno
882 4052 887 4063 .
911 4052 916 4064 .
940 4050 946 4063 .
973 4003 1113 4082 contegens
1125 4006 1274 4080 fraxinus,
1306 4007 1387 4082 quod

250 4107 252 4111 ’
289 4102 411 4180 quidem
441 4111 597 4161 aeterno
623 4103 682 4161 iam
704 4112 798 4162 exstat
829 4104 859 4160 in
889 4104 1024 4162 oratione
1054 4103 1259 4180 philosophica
1290 4106 1389 4179 neque

288 4200 418 4259 insolens
440 4200 497 4257 dici
518 4208 624 4277 potest.
