3242 5209
662 430 833 487 ,25-

316 630 343 695 c)
365 628 563 706 Appositi'o
585 640 705 688 exstat
726 648 791 706 pro
813 628 1006 688 enuiitiato
1028 627 1188 687 relativo.

311 759 487 836 Saepissime
507 767 607 817 autem
628 760 774 835 appositio
800 769 895 818 exstat
924 780 978 837 pro
1000 761 1152 819 enuntiato
1173 761 1301 831 relativa,

207 876 283 935 quae
305 876 350 915 res
371 858 608 934 frequentissime
635 858 666 915 in
687 858 811 916 naturali
833 858 953 917 historia
973 859 1060 917 nobis
1081 859 1216 932 occurrit;
1247 860 1301 917 sed

207 964 304 1013 tamen
337 973 415 1031 quae
444 954 573 1013 maxime
603 956 704 1013 oeulos
732 956 762 1013 in
790 974 823 1023 se
851 965 1027 1014 convertunt
1057 956 1193 1032 exempla
1223 956 1301 1014 inse·

206 1061 341 1129 quantur,
363 1053 490 1129 primum
511 1053 632 1128 quidem
654 1054 799 1111 exstantia
821 1054 850 1109 in
872 1054 995 1129 simplici
1017 1054 1202 1131 expositione
1222 1054 1302 1111 velut

206 1151 297 1226 prael.
324 1166 336 1206 1
361 1145 557 1207 iucundissime
588 1150 744 1226 imperator,
775 1152 813 1207 sit
832 1152 905 1207 enim
933 1152 1064 1209 baccini
1082 1152 1232 1227 praefatio,
1257 1172 1302 1208 oc-

206 1247 325 1316 ri'ssima,
348 1247 414 1303 dum
437 1250 561 1305 maxime
591 1248 753 1305 consenescit
782 1249 811 1305 in
826 1258 930 1324 patre,·
952 1248 997 1306 IV
1028 1263 1062 1324 51
1096 1258 1212 1307 cernunt
1239 1270 1300 1305 eam

204 1344 231 1418 (i.
255 1363 280 1402 e.
302 1344 468 1421 scopulum)
499 1345 535 1401 ab
565 1345 664 1401 dextra
687 1354 770 1421 porte
790 1345 907 1401 Andura
939 1346 1103 1423 nauigantes
1122 1347 1158 1403 ab
1178 1346 1299 1412 Aeliaia,

203 1442 297 1499 di'rum
327 1462 360 1499 ac
376 1444 557 1518 pestiferum·
588 1441 726 1500 XXXVI
762 1440 815 1516 167
841 1442 992 1509 Tiburtini,
1023 1443 1066 1500 ad
1087 1442 1192 1517 reliqua
1207 1444 1300 1515 sorta,

204 1550 304 1614 vapore
334 1539 480 1596 dissiliunt.
533 1539 659 1608 Deinde,
692 1558 769 1615 quae
790 1540 926 1615 leguntur
955 1540 986 1597 in
1016 1539 1094 1597 libris
1124 1540 1163 1597 de
1184 1540 1299 1615 plantis,

202 1636 380 1694 animalibus
394 1636 595 1712 similibusque
610 1638 696 1694 rebus
710 1637 866 1713 agentibus
887 1637 966 1694 velut
987 1636 1079 1693 XVII
1102 1652 1139 1710 33
1162 1635 1300 1713 (demon-

203 1730 309 1807 strant)
337 1732 475 1789 rubricam
497 1732 582 1789 oculis
602 1732 790 1808 argillamque
815 1734 892 1810 operi
910 1733 1112 1808 difficillimam
1133 1734 1240 1791 XXIV
1261 1749 1300 1808 95

200 1830 303 1906 palma
322 1828 466 1906 Campano
473 1830 640 1907 perhibetur,
663 1830 823 1887 utensilibus
844 1832 918 1888 nasi's
931 1831 1148 1906 probatissimo,
1162 1830 1300 1887 XXXVI
1314 1807 1326 1825 κ

207 1924 263 2000 146
284 1927 400 1984 alterurn
431 1928 658 1984 androdamanta
689 1927 758 1985 dicit
786 1930 890 1994 uocari,
926 1927 1012 1985 colore
1033 1928 1153 2004 nigrum,
1178 1928 1301 2002 pondere

202 2046 237 2081 ac
262 2025 368 2081 duritia
399 2026 554 2101 insignem·
585 2025 740 2082 XXXVII
776 2024 826 2081 161
852 2025 1014 2084 Gallaxian
1035 2023 1128 2099 aliqui
1150 2023 1300 2099 galactiten

204 2130 310 2191 uocant,
332 2121 449 2178 similem
457 2123 589 2196 proxime
609 2122 708 2191 dictis;
728 2122 858 2198 denique
873 2123 902 2178 in
923 2123 966 2191 iis,
989 2123 1039 2197 qui
1059 2130 1185 2179 tractant
1206 2122 1299 2179 medi·

203 2218 309 2275 cinam.
332 2219 367 2275 cl.
383 2217 521 2275 XXXVI
541 2217 595 2291 146
603 2220 796 2295 principatum
812 2221 863 2276 dat
876 2241 912 2276 ex
932 2219 1144 2294 iisAetliiopico,
1160 2219 1299 2275 oculorum
1326 2259 1329 2264 -

204 2315 409 2372 medicamentis
430 2316 599 2386 utilissimo,·
629 2317 784 2373 XXXVII
811 2319 864 2374 162
887 2317 1000 2373 eandem
1030 2316 1172 2393 appellant
1190 2329 1299 2393 111111-

202 2412 311 2468 ecbitim
338 2413 368 2469 in
398 2413 496 2469 attri'tu
516 2413 602 2481 lactis,
633 2433 696 2470 suco
726 2424 751 2469 et
772 2426 871 2489 vapore
899 2414 1057 2480 notabilem,
1091 2415 1121 2470 in
1142 2414 1301 2471 educatione

204 2509 358 2565 nutricibus
378 2508 457 2566 lactei
468 2511 630 2584 fecundam.

310 2607 464 2664 Interdum
485 2617 637 2683 separatur
666 2609 811 2683 appositio
843 2628 860 2665 a
892 2608 1074 2666 substantivo
1104 2610 1143 2665 de
1165 2627 1225 2683 quo
1246 2610 1300 2666 de·

203 2694 324 2778 pendet,
348 2704 502 2761 enuntiato
524 2705 706 2773 secundario¹
739 2714 770 2761 ut
801 2724 837 2762 co
868 2705 960 2780 magis
982 2706 1184 2762 desideremus
1205 2724 1300 2762 enun-

202 2801 305 2857 tiatum
327 2800 496 2877 primarium
527 2800 572 2857 vel
594 2802 803 2859 secundarium
834 2821 889 2876 pro
911 2821 947 2859 ea
968 2802 1105 2878 positum,
1137 2822 1196 2877 qua
1217 2803 1247 2858 in
1269 2821 1300 2859 re

202 2898 307 2953 iterum
328 2897 569 2973 distinguendum
598 2907 641 2955 est
668 2898 743 2955 inter
773 2899 906 2957 diversos
927 2900 1023 2957 libros.
1055 2900 1090 2956 cl.
1113 2901 1152 2956 ad
1173 2900 1300 2975 primum

201 3012 295 3069 genus
325 2994 400 3051 haec
430 2996 624 3071 perimentia:
656 2995 795 3052 XXXIV
827 3012 865 3070 39
897 2995 977 3052 moles
1003 3042 1008 3051 .
1032 3042 1037 3052 .
1061 3041 1066 3052 .
1090 2996 1214 3052 uidemus
1242 3005 1299 3053 sta·

202 3100 324 3155 terarum,
347 3110 417 3164 quas
438 3091 941 3167 111111111111011111,·111111111111111;
963 3091 1000 3149 62
1023 3094 1097 3149 inter
1114 3113 1185 3167 qnae
1206 3091 1299 3169 (lecit)

203 3188 408 3261 destringentem
429 3208 465 3254 se,
488 3209 566 3262 quern
588 3189 632 3245 M.
654 3190 796 3265 Argrippa
818 3190 932 3254 dicauit,
965 3190 1033 3244 mire
1053 3198 1168 3263 gratum
1194 3189 1300 3245 Tiberio

197 3285 328 3361 pn'ncpii'.
359 3285 408 3341 Ad
429 3286 593 3342 secundum
623 3304 716 3361 genus
746 3287 901 3343 referenda
921 3294 989 3343 sunt
1009 3286 1096 3343 haec:
1128 3286 1239 3343 XXIII
1260 3286 1298 3359 08

197 3382 307 3455 palma,
331 3403 401 3457 quae
412 3384 472 3456 sert
493 3382 712 3458 rriyirobalanrcm,
736 3382 936 3456 probatissima
957 3384 987 3439 in
1008 3383 1139 3459 Aegypto,
1161 3402 1221 3439 ossa
1243 3403 1298 3439 noa

202 3480 304 3558 liabet;
344 3478 481 3536 XXXVI
517 3496 571 3552 141)
607 3499 709 3535 marein
744 3488 835 3535 autem
872 3477 1009 3556 (putant),
1041 3481 1093 3554 qui
1124 3481 1154 3535 in
1189 3479 1299 3535 Arabia

204 3586 341 3645 nascatur,
353 3578 463 3644 durnin,
472 3575 565 3651 gallae
574 3576 691 3631 similem
707 3585 757 3631 aut
764 3576 930 3633 subrutilum
937 3598 951 3644 ,·
973 3577 1104 3651 denique
1114 3576 1299 3633 medicorum

201 3692 284 3731 more
304 3675 362 3731 hoc
386 3672 497 3730 dictum
520 3681 576 3729 est:
599 3672 693 3729 XXII
720 3690 769 3729 121
794 3673 847 3729 licie
868 3674 975 3729 decocta
993 3675 1038 3747 fit
1058 3674 1296 3738 medicamentum,

201 3772 280 3846 quod
294 3771 416 3847 Aegypti
434 3771 558 3827 atheram
581 3780 688 3836 nocant,
712 3770 867 3845 infantibus
888 3771 1084 3839 utilissimum,
1106 3769 1217 3827 XXIII
1244 3771 1297 3827 108

201 3889 237 3937 11·
258 3870 351 3927 acerbo
368 3871 412 3945 sit
433 3869 668 3937 medicamentum,
701 3870 778 3943 quod
793 3871 947 3925 stromaticc
969 3878 1087 3936 uocatur,
1120 3866 1297 3924 utilissimum

200 3966 255 4021 ori's
276 3966 358 4023 oi'tz'i's.

266 4180 298 4257 d)
322 4179 585 4255 Appositionis
607 4181 664 4238 vis'
682 4189 833 4255 augetur
853 4181 1021 4238 adverbio
1043 4180 1239 4237 adiuncto:

308 4303 380 4359 Aliis
402 4303 473 4360 locis
495 4313 616 4380 augetur
637 4304 680 4361 vis
702 4305 895 4379 appositionis
916 4304 1058 4362 adverbio
1079 4304 1228 4362 adiuncta.
1260 4306 1295 4361 cl.
1330 4299 1333 4305 ’

200 4401 291 4476 prael.
318 4418 329 4457 1
353 4420 442 4457 rerum
462 4410 564 4458 notura
586 4447 591 4458 .
615 4447 620 4457 .
644 4447 650 4457 .
673 4411 808 4458 narratur
829 4412 855 4458 ct
873 4404 940 4459 lracc
961 4448 966 4459 .
990 4448 995 4458 .
1018 4412 1069 4459 aut
1088 4402 1203 4464 rusticis
1216 4421 1296 4458 noca·
