3242 5209
618 1370 619 1373 Ὗ
726 1400 804 1487 111.

314 1609 383 1689 De
418 1610 636 1692 neutrius
665 1612 855 1713 generis
883 1613 1227 1695 adiectivorum

460 1784 463 1789 ·
546 1742 850 1826 substantivo
884 1767 988 1826 usu.

323 1938 488 1998 Maximam
517 1950 618 1998 autem
647 1940 678 1998 in
708 1940 862 2000 nominum
893 1961 949 2001 usu
977 1943 1150 2001 brevitatem
1180 1943 1211 2000 in
1241 1961 1319 2002 neu-

215 2035 287 2095 trius
306 2038 422 2113 generis
442 2038 655 2096 adiectivorum
675 2039 860 2098 substantivo
880 2058 936 2099 usu
950 2040 1079 2116 positam
1100 2059 1165 2099 esse
1185 2040 1251 2118 quis
1272 2048 1317 2099 est

215 2133 268 2209 qui
288 2134 394 2211 neget?
426 2134 533 2211 Itaque
554 2136 708 2213 quomodo
730 2136 840 2193 Plinius
870 2137 1017 2196 adiectiva
1046 2138 1181 2197 neutrius
1200 2138 1316 2215 generis

215 2248 270 2307 pro
285 2232 472 2291 substantivis
486 2233 676 2309 usurpaverit,
691 2241 937 2309 perscrutraturus
949 2253 1024 2305 sum,
1038 2254 1098 2312 qua
1112 2234 1142 2291 in
1155 2253 1188 2292 re
1200 2234 1317 2311 neglegi

216 2346 280 2385 non
301 2337 425 2404 possunt
446 2329 465 2386 ii
486 2330 538 2387 viri
559 2330 728 2401 doctissimi,
760 2332 811 2408 qui
832 2341 921 2390 antea
948 2318 1108 2390 inhaere
1129 2332 1317 2391 observanda

216 2426 323 2484 versati
343 2435 411 2484 sunt
432 2428 662 2505 summatimque
682 2439 883 2503 exposuerunt
904 2430 983 2487 velut

323 2524 348 2581 F
353 2525 421 2583 erd.
433 2525 614 2583 Handius:
625 2525 783 2584 Lehrbuch
793 2527 848 2585 des
855 2526 1048 2585 lateinischen
1058 2527 1124 2585 Stils
1133 2546 1163 2603 p.
1175 2525 1317 2605 160sqq.;

324 2621 357 2681 C.
384 2622 451 2680 Frd.
478 2622 808 2701 Naegelsbachius:
839 2624 1027 2683 Lateinische
1055 2626 1175 2683 Stilistik
1204 2645 1233 2702 p.
1262 2640 1317 2701 535

324 2718 370 2776 Fr.
393 2719 565 2778 Haasius:
587 2720 792 2797 Vorlesungen
809 2721 883 2779 uber
896 2720 1068 2779 lateinische
1082 2722 1315 2797 Sprachwissen·

217 2816 312 2875 schait
333 2818 380 2875 ed.
403 2817 549 2887 Eckstein,
571 2817 639 2894 Lps.
666 2818 741 2892 1874
763 2820 778 2876 I
799 2838 829 2894 p.
854 2833 925 2894 154;

324 2916 360 2973 A.
383 2916 562 2993 Draeger:
584 2916 600 2973 l.
623 2917 640 2973 l.
662 2914 676 2973 I
698 2936 726 2993 p.
749 2931 788 2993 50
808 2936 874 2994 sqq.

324 3014 384 3073 Sed
405 3033 484 3090 quae
504 3014 535 3071 hi
556 3013 608 3072 viri
628 3014 709 3072 docti
730 3014 848 3073 dehac
869 3034 901 3074 re
921 3014 1129 3085 disseruerunt,
1153 3015 1227 3073 mihi
1246 3013 1317 3075 satis

218 3130 280 3169 non
301 3130 366 3171 esse
387 3111 532 3181 videntur,
563 3129 623 3189 qua
651 3112 691 3170 de
719 3130 808 3171 causa
828 3130 939 3189 operae
958 3112 1086 3189 pretium
1107 3131 1173 3171 esse
1193 3111 1318 3171 arbitror
1436 3144 1439 3149 ·

220 3211 318 3277 denuo
348 3211 388 3267 de
414 3210 474 3269 hoc
493 3228 548 3269 usu
569 3210 659 3268 verba
680 3210 809 3284 iaciens;-
836 3229 1019 3287 quamquam
1051 3210 1082 3268 in
1102 3210 1319 3281 dissertatione,

220 3326 310 3384 quam
330 3308 426 3367 ordini
440 3307 685 3384 philosophorum
699 3307 815 3377 tradidi,
837 3307 928 3366 etiam
940 3308 1073 3384 pluribus
1094 3308 1134 3366 de
1147 3307 1206 3365 hoc
1220 3306 1319 3386 capite

219 3404 342 3463 disserui
362 3405 467 3475 verbis,
488 3405 546 3463 hoc
567 3404 634 3463 loco
655 3404 730 3463 haec
751 3412 867 3463 tautum
888 3406 994 3463 afferre
1014 3423 1145 3483 possum.

327 3501 436 3561 Plinius
466 3520 562 3578 aeque
592 3520 628 3559 ac
657 3500 814 3577 scriptores
845 3500 957 3561 classici
980 3501 1160 3561 adiectivum
1180 3502 1319 3561 substan-

219 3598 345 3658 tivorum
366 3599 430 3657 vice
444 3599 555 3677 posuit;
576 3618 644 3657 cum
665 3608 766 3657 autem
787 3600 819 3657 hi
832 3599 1049 3658 nominativum
1068 3608 1098 3658 et
1118 3598 1319 3657 accusativum

220 3695 464 3772 frequentissime,
495 3714 580 3753 casus
605 3696 751 3773 obliquos,
783 3696 891 3773 quibus
921 3697 1017 3755 forma
1046 3705 1076 3753 et
1105 3695 1259 3755 masculini
1290 3702 1319 3753 et

220 3791 353 3849 feminini
383 3802 412 3850 et
441 3791 572 3851 neutrius
600 3792 716 3869 generis
747 3793 855 3852 eadem
885 3802 938 3864 est,
973 3792 1118 3852 rarissime
1147 3793 1319 3862 adhibeant,

221 3887 330 3946 Plinius
351 3889 409 3948 hoc
427 3890 586 3949 discrimen
606 3907 669 3949 non
690 3891 836 3951 observat.
955 3928 958 3931 ⁴

525 4193 550 4241 1.
573 4179 629 4239 De
652 4176 828 4255 singulari
850 4193 1015 4241 numero.

329 4334 459 4395 Primum
480 4336 602 4414 quidem
622 4336 734 4414 aliquid
755 4336 854 4395 dicam
884 4336 924 4393 de
946 4333 1102 4412 singularis
1128 4332 1244 4393 numeri
1264 4331 1320 4393 ad·

221 4430 332 4493 iectivis
353 4436 417 4493 siue
438 4435 497 4493 ullo
518 4435 659 4493 attributo
680 4434 791 4509 positis.
834 4432 980 4491 Exordiar
1000 4433 1087 4509 igitur

1142 4542 1157 4595 3
