3242 5209
655 445 830 495 —61-

189 630 296 695 spirare
317 665 323 677 .
346 666 351 675 .
375 666 380 676 .
416 620 508 694 itaque
538 619 627 675 ar'aere
657 628 688 673 al
699 623 797 693 jurgas
824 617 984 691 arboresque
1016 634 1054 673 sc.
1091 613 1288 690 contendunt;

189 717 283 775 XVII
310 715 365 790 176
384 727 458 783 sant,
481 717 532 791 qai
551 725 644 773 uetant
672 716 755 790 tangi
783 712 996 792 (viviradicem)
1019 759 1026 770 .
1048 759 1054 770 .
1077 759 1084 769 .
1115 733 1199 787 aeque
1226 724 1290 771 ante

189 812 254 869 LX.
278 833 393 869 inensem
406 813 483 888 jalce
510 814 613 882 aaran}
642 822 707 869 tanc
734 821 825 869 uatem
855 811 897 868 ad
920 812 971 867 tris
992 830 1117 886 garamas
1144 811 1231 867 recidi
1249 830 1288 869 sc„

190 910 303 980 iubent,
335 911 440 986 quibus
468 911 586 968 duobus
610 910 867 967 coniunctionibus
899 910 991 983 itaque
1017 917 1047 965 et
1068 917 1160 965 autem
1188 918 1288 966 osten·

190 1008 268 1064 ditur
289 1009 412 1064 verbum
433 1008 589 1083 significari
611 1007 789 1065 contrarium
811 1006 897 1081 primi
925 1006 1095 1080 praedicati,
1124 1006 1206 1081 quod
1227 1024 1289 1063 non

190 1104 225 1161 lit
245 1104 322 1162 VIII
346 1121 402 1178 203
425 1117 522 1180 capras
543 1150 548 1162 .
572 1150 577 1163 .
601 1150 606 1162 .
630 1114 757 1180 negant.
781 1150 787 1160 .
810 1149 817 1161 .
838 1104 986 1160 contueri.
1009 1149 1015 1160 .
1039 1149 1044 1160 .
1075 1104 1108 1159 id
1124 1104 1207 1160 etiam
1229 1124 1288 1159 erre·

191 1202 252 1257 nire
271 1219 310 1259 sc.
333 1199 473 1279 dicrmtll.
516 1202 652 1259 Similiter
672 1201 849 1259 conformati
869 1209 939 1259 sunt
959 1200 977 1255 ii
1000 1200 1064 1269 loci,
1096 1201 1203 1276 quibus
1224 1219 1289 1257 ver·

190 1298 264 1355 bum
292 1279 410 1355 dicendi
439 1299 618 1373 explendum
649 1307 693 1355 est
728 1317 763 1355 ex
794 1297 982 1357 antecedenti
1012 1299 1103 1355 verbo
1131 1297 1288 1359 sentiendi.

191 1396 228 1452 cl.
250 1394 326 1451 XIV
351 1393 406 1467 136
427 1396 488 1469 ipsa
510 1394 602 1472 (vina)
625 1392 731 1464 de'srata
747 1440 752 1450 .
769 1440 797 1452 ..
820 1396 903 1469 coqui
914 1394 1016 1460 tabeat,
1033 1404 1176 1469 praeterea
1191 1395 1288 1470 plam-

192 1492 247 1547 beis
268 1494 342 1548 uasis
363 1512 417 1548 aon
438 1494 523 1549 aereis
537 1493 702 1567 arreibasqae
719 1491 861 1568 iuglandes
881 1492 997 1563 addaiu
1019 1511 1065 1548 eas
1085 1493 1158 1548 enrar
1171 1494 1288 1565 frimam

191 1590 314 1663 erepere
333 1608 371 1647 se.
394 1590 503 1658 dicunt,
526 1609 586 1665 quo
608 1591 674 1647 loco
696 1591 801 1647 iterum
817 1590 965 1664 mitigatur
985 1589 1067 1646 verbi
1088 1588 1195 1663 ellipsis
1217 1609 1289 1647 con-

191 1686 342 1744 iunctione
370 1688 465 1745 enim
486 1689 595 1745 addita.
639 1689 709 1745 Huc
738 1687 837 1744 referri
865 1695 963 1761 potest
990 1687 1080 1744 etiam
1100 1686 1210 1743 XXXI
1236 1702 1290 1760 123

193 1784 308 1857 qra'elam
330 1786 370 1839 ita
392 1784 581 1860 distinguant:
616 1784 688 1841 alias
708 1804 744 1839 es
764 1784 808 1840 leis
829 1785 916 1840 marn
935 1785 1014 1840 tanai
1024 1783 1125 1858 fistula
1144 1828 1150 1840 .
1166 1828 1194 1840 ..
1217 1783 1290 1840 alias

191 1880 311 1940 seminas
340 1881 491 1937 maioribus
510 1880 616 1955 fistalr's
645 1900 683 1938 se.
707 1881 899 1952 exiStumant3
928 1880 974 1937 vel
995 1878 1133 1936 XXXVI
1155 1879 1202 1953 84.
1224 1880 1290 1937 Dil-

194 1976 297 2033 ficilior
328 1984 372 2034 est
402 1977 509 2051 ellipsis
539 1977 584 2035 his
608 1976 679 2035 mels
701 1976 746 2033 XI
770 1990 814 2051 75·
838 1978 868 2032 ia
898 1977 942 2032 la's
969 1996 1042 2032 ceras
1071 1975 1177 2051 largius
1206 1996 1291 2051 qaam

193 2086 257 2149 apes
269 2075 393 2147 sacrant,
424 2074 486 2130 dein
512 2076 641 2131 inararem
665 2073 843 2130 vermiculum
872 2092 910 2131 sc.
933 2074 1092 2149 inponunt;
1122 2073 1230 2130 XXXI
1253 2090 1293 2146 51.

193 2170 360 2246 Apolloniae
389 2173 419 2227 in
439 2172 528 2228 Pania
553 2174 617 2245 fara
648 2173 731 2228 iaxta
762 2191 838 2228 mare
857 2179 957 2227 aestate
977 2180 1086 2228 tarrlrrm
1107 2172 1248 2246 superstitit
1267 2180 1293 2227 et

196 2270 320 2325 maxime
347 2270 419 2325 eirca
446 2271 524 2326 canr's
551 2279 650 2335 aetram,
676 2269 790 2343 parcius
818 2288 856 2327 sc.
886 2269 956 2336 fluit,
987 2269 1015 2326 si
1040 2278 1101 2342 etc;
1130 2270 1161 2326 II
1188 2285 1241 2344 195
1267 2278 1292 2324 el

195 2375 330 2422 autumna
351 2386 384 2422 ac
406 2386 464 2422 aare
477 2375 562 2423 terrae
576 2367 694 2422 crebrius
713 2376 864 2431 moveatur,
886 2366 1092 2440 sieut-salmiaa
1105 2386 1144 2424 sc.
1160 2366 1290 2424 iaculan-

195 2471 247 2520 tur.
288 2462 404 2539 Agmen
426 2463 564 2521 claudant
586 2463 691 2520 iterum
712 2464 848 2538 exempla
869 2464 1018 2539 quaedam
1039 2482 1076 2520 ex
1098 2464 1175 2520 libris
1197 2464 1291 2520 medi-

195 2561 328 2618 cinarum
359 2560 489 2618 collecta.
532 2561 567 2617 cl.
591 2560 700 2617 XXXI
735 2575 789 2635 125
819 2560 957 2617 oculatam
988 2570 1105 2617 tumores
1133 2560 1231 2617 sedant
1257 2581 1293 2616 ex

196 2657 283 2713 arulsa
305 2658 438 2733 irapasili3
467 2657 550 2713 iidem
573 2658 764 2733 abslergendae
791 2657 957 2731 lippitudini
981 2676 1020 2714 se.
1043 2658 1221 2714 adhibentur
1246 2658 1292 2713 vel

196 2753 254 2810 tale
275 2754 360 2828 qnid;
383 2753 453 2809 item
474 2752 584 2809 XXIII
611 2770 673 2811 111.

207 3374 210 3381 '
276 3336 278 3341 .
322 3375 352 3437 8.
377 3378 432 3437 De
456 3376 634 3453 partIcula
658 3375 740 3453 „ut“
765 3374 1022 3453 brachylogice
1046 3376 1172 3454 posita.

303 3545 368 3603 lam
383 3548 477 3621 apud
508 3547 645 3605 classicos
676 3547 831 3621 scriptores
860 3549 948 3605 verba
980 3547 1115 3616 faciendi,
1146 3556 1179 3604 ut
1206 3566 1293 3623 supra

196 3647 433 3714 commemoravi,
457 3648 662 3722 opprimuntur
676 3648 885 3723 imprImisqne.
900 3649 929 3704 in
949 3648 1145 3706 locutionibus
1167 3668 1204 3706 ex
1225 3652 1293 3716 „ut“

195 3743 410 3817 incipientibus,
433 3762 510 3820 quae
524 3745 769 3801 consuetudinem
785 3745 931 3818 irullront3
953 3746 1022 3802 dico
1043 3745 1113 3802 illud
1135 3755 1172 3801 ut
1192 3734 1293 3812 solet,

197 3849 233 3896 ut
267 3840 409 3909 assolet,
439 3842 521 3916 quod
550 3842 670 3916 quidem
699 3843 779 3916 apud
811 3842 988 3899 Ciceronem
1016 3843 1146 3919 legimus.
1188 3842 1218 3899 Si
1246 3842 1294 3898 hic

196 3956 266 3995 usus
293 3938 352 3995 iam
380 3938 505 3995 multum
526 3940 613 3996 refert
641 3940 679 3996 ad
702 3939 877 3997 brevitatem
899 3940 1026 4008 dicendi,
1055 3948 1178 4016 augetur
1206 3939 1293 3996 etiam

197 4034 449 4111 breviloquentiae
471 4036 520 4104 vis,
550 4036 601 4092 ubi
622 4045 737 4110 praeter
765 4038 889 4095 verbum
911 4038 1039 4095 faciendi
1061 4038 1150 4094 etiam
1172 4037 1294 4093 verbum

197 4131 335 4189 auxiliare
363 4133 530 4208 neglegitur.
576 4129 631 4189 His
660 4133 690 4189 in
722 4135 864 4209 exemplis
892 4135 1024 4209 sequitur
1053 4134 1227 4210 particulam
1258 4143 1295 4189 ut

199 4314 411 4321 —·-—-——-..-..

310 4428 334 4496 1)
353 4430 382 4480 cl.
403 4430 477 4478 etiam
498 4432 517 4482 I.
538 4431 688 4479 Muellerum
708 4430 725 4482 l.
743 4431 759 4481 l.
779 4447 805 4497 p.
826 4440 868 4496 77.
