3242 5209
671 426 845 463 ..11-

211 584 365 659 scriptores
379 581 492 659 priores
506 584 586 641 velut
600 584 680 658 apud
696 581 833 639 Plautum
847 580 1119 658 Terentiumque1),
1140 583 1171 639 in
1186 584 1306 642 Cicero·

210 680 305 739 nianis
319 680 464 738 rarissime
478 687 573 739 exstat
587 680 661 738 haec
676 680 790 754 ellipsis,
806 697 1024 754 nonnunquam
1038 679 1069 736 in
1079 679 1305 757 Caesarianis2);

211 777 376 853 complures
390 777 472 835 locos
487 776 625 836 Livianus
640 777 755 853 collegit
770 776 1031 835 Drakenborchius
1052 778 1091 834 ad
1114 777 1188 834 Livii
1214 793 1236 846 r,
1260 793 1305 851 23,

212 890 228 950 5
243 883 273 932 et
286 890 333 946 42,
353 890 395 942 10,
422 888 464 949 15,
480 874 698 949 praecipueque
712 874 836 932 adhibet
850 874 948 931 Livius
962 874 1041 931 hanc
1056 874 1306 932 constructionem

209 970 430 1048 grammaticam
444 971 475 1027 in
489 970 632 1028 infinitivo
647 971 735 1029 futuri
749 972 835 1029 activi
850 971 942 1029 verbo
956 990 1023 1027 esse
1036 969 1215 1044 ommissoll,
1238 990 1306 1028 cum

211 1068 383 1126 ePliniano
404 1067 512 1143 scripto
533 1076 578 1125 tot
607 1068 703 1126 afferri
736 1068 851 1144 possint
872 1068 1017 1143 exempla,
1045 1077 1078 1125 ut
1099 1067 1204 1125 dixerit
1225 1070 1304 1144 quis·

209 1164 289 1239 piam
310 1163 501 1222 omissionem
521 1164 644 1221 subiecti
665 1165 822 1223 accusativi
850 1184 918 1222 cum
939 1164 1084 1222 infinitivo
1112 1173 1303 1240 praeceptum

209 1262 431 1337 grammaticum
448 1261 615 1319 Plinianum
636 1280 707 1319 esse.
750 1262 810 1319 Sed
831 1280 870 1319 ne
891 1280 954 1319 rem
969 1270 1067 1319 actam
1088 1280 1219 1337 agamus,
1241 1262 1305 1319 illos

210 1357 280 1415 mihi
301 1357 454 1433 perpende
475 1357 556 1415 locos
577 1358 615 1415 ab
636 1357 698 1415 aliis
720 1357 786 1415 viris
807 1357 983 1416 doctissimis
1004 1357 1143 1417 collectos
1151 1354 1183 1432 ⁴).

342 1697 371 1775 c)
393 1697 582 1757 Omittitur
600 1698 805 1757 subiectum
825 1698 975 1757 ablativi
996 1698 1163 1757 absoluti.

316 1854 407 1913 Porro
428 1872 467 1912 ne
481 1854 553 1911 illud
574 1854 696 1930 quidem
712 1854 827 1912 videtur
847 1855 1066 1931 neglegendum
1088 1855 1177 1914 etiam
1198 1856 1229 1912 in
1251 1858 1304 1914 ab·

208 1953 298 2011 lativo
318 1951 455 2010 absoluto
481 1950 576 2009 omitti
606 1952 766 2009 ablativum
797 1952 929 2021 subiecti,
959 1972 995 2011 ac
1024 1954 1153 2028 primum
1174 1953 1304 2029 quidem,
1395 2015 1398 2019 Δ

208 2052 291 2126 quod
321 2048 450 2107 maxime
471 2057 516 2106 est
536 2049 688 2125 singulare,
719 2050 935 2107 substantivum
963 2051 1061 2126 ipsum
1081 2050 1163 2107 nullo
1185 2059 1304 2108 antece·

209 2149 299 2205 dente
319 2145 476 2215 vocabule,
504 2164 540 2203 ex
562 2165 623 2221 quo
644 2145 774 2221 suppleri
793 2147 931 2221 potuerit.
962 2148 1044 2206 cuius
1072 2148 1113 2205 rei
1134 2149 1226 2205 modo
1247 2149 1306 2205 hoc

208 2243 377 2319 exemplum
398 2242 529 2300 invenire
550 2243 633 2317 potui
654 2242 718 2299 XII
735 2242 785 2317 58:
800 2245 984 2319 perieratque
1004 2244 1143 2301 naturalis
1164 2244 1305 2302 vindemia

207 2342 280 2398 cr'rca
294 2340 372 2396 cana
385 2348 474 2395 ortum
486 2338 713 2414 flagrantissimo
734 2350 817 2409 aestu,
840 2340 1023 2397 incidentibus
1044 2338 1094 2418 (sc
1110 2340 1303 2418 hominibus),

207 2458 263 2513 qua
293 2436 418 2493 maxime
438 2435 567 2492 videatur
591 2454 643 2492 esse
663 2447 826 2512 praegnans
846 2436 982 2515 (cortex),
1011 2456 1142 2513 quocum
1163 2438 1231 2496 loco
1252 2458 1303 2496 ex·

208 2534 300 2610 ceptis
321 2533 423 2609 prioris
454 2532 603 2591 latinitatis
624 2532 812 2608 scriptoribus
841 2541 932 2609 atque
958 2533 1085 2593 classicis
1112 2535 1160 2592 ille
1189 2543 1304 2592 tantum

206 2633 290 2691 locus
311 2631 462 2689 Tacitinus
484 2639 529 2689 est
550 2630 757 2700 conferendus,
788 2631 840 2707 qui
869 2640 966 2689 exstat
995 2631 1026 2689 in
1047 2632 1174 2709 Agricol.
1203 2651 1227 2689 c.
1254 2630 1302 2689 18:

197 2732 313 2806 famam
337 2730 428 2797 aaeit,
443 2728 653 2785 aestimantibus
674 2724 724 2805 (sc.
740 2727 931 2805 hominibus),
953 2739 1060 2805 quanta
1072 2730 1171 2803 futuri
1186 2740 1232 2804 spe
1245 2737 1303 2785 tam

208 2848 312 2904 magna
346 2826 485 2892 tacuisset,
536 2825 588 2883 ubi
628 2826 839 2883 aestimantibus
877 2844 943 2884 esse
982 2826 1115 2884 dativum
1149 2826 1304 2884 contendit

206 2922 330 3001 Peren).

313 3020 373 3079 Sed
394 3021 491 3079 rninus
511 3020 640 3079 insolens
655 3029 699 3078 est
720 3020 794 3079 haec
816 3020 931 3096 ellipsis,
954 3021 978 3078 si
998 3021 1164 3079 subiectum
1185 3019 1304 3077 ablativi

205 3116 332 3175 absoluti
353 3126 397 3175 est
411 3117 552 3175 omissum
573 3135 739 3193 pronomen
754 3116 1021 3174 demonstrativum
1035 3125 1105 3174 ante
1120 3115 1304 3174 enuntiatum

204 3213 358 3271 relativum
365 3212 397 3291 ⁶),
420 3233 510 3289 quam
531 3223 705 3273 structuram
720 3221 838 3290 praeter
856 3212 928 3270 alios
949 3213 1031 3271 locos
1052 3212 1160 3270 multos
1181 3212 1304 3288 legimus

316 3508 341 3576 1)
358 3511 389 3563 cf.
408 3512 445 3563 R.
465 3510 618 3564 Kuehnerii:
637 3514 692 3563 Lat.
713 3511 870 3562 Grammatilr
889 3512 1007 3563 Hannon.
1031 3512 1097 3575 1877
1116 3511 1144 3559 Π
1162 3526 1188 3575 p.
1204 3510 1303 3574 516sq.

207 3604 232 3647 et
250 3600 341 3646 Anton
359 3596 448 3649 Funk:
475 3598 527 3646 Die
544 3598 700 3663 Auslassung
723 3600 768 3649 des
790 3599 1059 3668 Subjectspronomens
1081 3600 1116 3647 im
1138 3602 1199 3649 Aee
1218 3614 1239 3649 c.
1259 3599 1302 3651 inf.

205 3685 314 3735 beiden
332 3683 417 3737 latein.
437 3684 594 3744 Komikem;
613 3688 638 3735 in
656 3690 725 3739 Anu.
746 3687 831 3739 Fleck.
852 3696 912 3739 tom.
936 3699 981 3736 121
1002 3703 1028 3752 p.
1048 3698 1098 3751 725
1111 3702 1167 3751 sqq.

313 3777 340 3836 2)
359 3775 389 3825 F.
409 3774 446 3825 H.
465 3772 515 3826 Th.
535 3774 651 3828 Fischer:
669 3775 862 3825 Rectionslebre
879 3775 983 3824 Caesare
1007 3775 1089 3824 Halae
1112 3775 1177 3838 1855
1198 3775 1257 3827 IS.
1279 3788 1302 3840 1,

206 3862 237 3914 L.
258 3861 422 3913 Kuebnastii:
441 3863 499 3914 Liv.
513 3863 619 3928 syntax,
632 3862 743 3913 Berolini
766 3863 841 3928 1872,
860 3863 905 3912 ubi
916 3863 1042 3912 uberrime
1060 3871 1177 3911 tractatur
1186 3861 1227 3911 hic
1235 3879 1302 3914 usus.

312 3950 341 4016 3)
360 3950 391 4002 cs.
419 3953 454 4003 A.
482 3951 626 4015 Draegerii:
660 3949 819 4001 Historische
847 3951 941 4015 Syntax
973 3951 1019 3999 der
1045 3950 1129 4002 latein.
1157 3950 1302 4015 sprachee

203 4039 231 4087 11
248 4054 274 4102 p.
294 4050 355 4100 414.

311 4123 339 4188 4)
358 4126 388 4177 cs.
404 4126 429 4190 J.
448 4126 565 4175 Muelleri
587 4126 603 4178 l.
622 4127 639 4179 l.
656 4142 681 4191 p.
703 4138 734 4191 74
746 4142 784 4191 sq,
803 4126 833 4175 C.
854 4124 990 4191 Mayhosfii
1008 4126 1027 4179 l.
1046 4125 1065 4178 l.
1084 4142 1109 4191 p.
1129 4136 1161 4189 43
1181 4126 1238 4179 adn.
1260 4126 1302 4191 26,

203 4214 234 4263 L.
254 4212 416 4277 Grasbergeri
434 4212 451 4265 l.
469 4214 489 4266 l.
507 4230 533 4279 p.
553 4214 567 4263 8
582 4229 637 4278 sqq.
1323 4225 1327 4231 “

313 4298 339 4367 5)
358 4302 388 4353 cf.
407 4304 441 4352 A.
462 4302 554 4365 Draeg.
574 4300 592 4353 l.
612 4300 629 4349 l.
649 4302 675 4349 II
693 4317 720 4366 p.
739 4304 790 4366 760
804 4318 843 4367 sq.

311 4388 339 4454 6)
357 4390 388 4441 cf.
407 4392 442 4442 A.
461 4389 553 4454 Draeg.
572 4390 589 4442 l.
610 4390 627 4442 l.
646 4392 674 4439 11
691 4406 717 4455 p.
736 4392 801 4455 76o;
832 4393 868 4445 R.
888 4391 1007 4444 Klihner.
1032 4391 1048 4444 l.
1068 4391 1085 4443 l.
1104 4392 1131 4440 11
1150 4407 1174 4457 p.
1196 4392 1247 4457 578
1261 4409 1299 4458 sq.
