3242 5209
767 434 945 492 -30...

306 598 412 655 omittit
432 618 599 674 pronomen
620 618 682 659 non
703 602 901 659 antecedente
922 602 972 660 tali
992 604 1147 674 adiectivo,
1170 605 1258 681 quale
1278 615 1322 663 est
1342 606 1403 664 hoc

306 694 372 752 loco
395 705 527 754 ceteras.
570 697 622 755 Me
643 697 740 755 iudice
761 697 808 756 hie
831 698 916 756 mullo
937 700 1034 756 deinde
1054 700 1165 757 obrutus
1183 701 1241 758 sale
1261 702 1340 761 idem
1362 714 1407 762 est

213 789 215 793 ⁴
306 800 409 867 atque:
433 811 511 869 quae
532 793 643 851 deinde
663 795 756 852 multo
778 796 838 852 sale
860 796 1031 854 obruuntur.

540 1108 566 1147 2.
595 1090 649 1148 De
667 1072 867 1150 =omissione
887 1094 1183 1167 particularum„

413 1246 481 1315 Illis,
504 1246 534 1302 in
562 1248 670 1323 quibus
697 1247 806 1305 Plinius
836 1250 926 1306 adicit
951 1251 1199 1320 coniunctionem,
1232 1252 1405 1309 adverbium

305 1344 530 1419 particulasque‚
553 1344 623 1402 loeis
644 1345 773 1402 tractatis
795 1364 994 1416 commoveor,
1016 1357 1053 1405 ut
1070 1348 1157 1405 aliam
1179 1348 1323 1424 loquendi
1337 1349 1403 1405 bre·

305 1441 425 1499 vitatem
447 1442 572 1499 adiciam
594 1444 624 1501 in
645 1460 682 1499 eo
703 1443 839 1517 positam,
862 1446 945 1519 quod
966 1445 1093 1503 invicem
1114 1446 1163 1503 hic
1176 1446 1307 1521 scriptor,
1330 1465 1405 1522 quas

306 1558 323 1596 e
344 1539 556 1597 sententiarum
579 1540 858 1615 enuntiatorumque
879 1559 996 1598 conexu
1010 1550 1224 1616 exspectamus,
1246 1542 1404 1617 particulas

305 1636 451 1710 quasdam
473 1636 587 1693 omittit.
629 1635 807 1711 Saepissime
829 1637 1012 1695 desideratur
1032 1639 1175 1714 particula

305 1776 415 1822 autem:
450 1760 540 1834 prael.
573 1774 612 1815 20
647 1778 693 1815 vos
722 1758 832 1833 quidem
863 1759 989 1816 diximus
1019 1773 1095 1835 opere
1124 1762 1209 1826 iusto,
1253 1770 1404 1835 temporum

346 1868 499 1915 nostrorum
520 1857 664 1915 historiam
686 1858 744 1914 orsi
761 1878 779 1913 a
791 1858 857 1932 fine
876 1858 980 1932 Aufidi
996 1859 1089 1916 Bassi.
1137 1859 1196 1917 Ubi
1214 1857 1339 1937 (autem)
1360 1860 1404 1929 sit,

346 1976 378 2013 ea
399 1976 529 2031 quaeres‚·
559 1955 698 2013 XXXIV
720 1969 736 2029 5
769 1955 829 2011 z‘aleo
851 1953 976 2034 (autem)
1007 1956 1090 2012 etiam
1121 1957 1233 2013 deorum
1264 1956 1405 2031 adscm'pta

219 2038 223 2045 ¹
283 2105 286 2109 .
344 2054 425 2128 operi,
457 2074 518 2109 cum
541 2064 666 2128 proceres
692 2053 818 2128 gentium
842 2051 994 2110 clan'lalem
1024 2061 1051 2108 et
1077 2053 1130 2109 hac
1160 2054 1207 2109 niu
1238 2062 1402 2128 quaererent.

344 2151 454 2207 Autem
476 2151 619 2227 particula
639 2150 742 2207 addita
764 2157 808 2208 est
829 2170 847 2207 a
868 2151 955 2207 codd.
983 2151 1016 2207 B.
1038 2150 1066 2207 S.
1088 2150 1112 2207 Ι.
1134 2150 1165 2207 id
1187 2152 1269 2226 quod
1296 2151 1404 2208 falsum
1462 2227 1464 2231 Ι

344 2267 408 2307 esse
429 2244 588 2326 videtur¹);
619 2247 775 2303 XXXVII
801 2246 856 2304 116
886 2248 1000 2323 optima,
1033 2268 1103 2322 quae
1134 2259 1276 2323 purpurae
1295 2247 1408 2322 aliquid

343 2346 431 2417 habet,
451 2345 578 2414 secunda,
609 2365 680 2421 quae
701 2364 785 2410 rosae,
813 2345 903 2410 terna,
926 2365 997 2420 quae
1019 2345 1172 2420 smaragdi.
1214 2344 1333 2420 Singuli
1351 2342 1402 2422 (sc.

343 2453 451 2512 autem,
482 2444 565 2519 quod
585 2443 718 2500 adiciunt
738 2442 771 2500 L.
794 2438 860 2519 v.²).
884 2453 886 2459 '
906 2442 1011 2500 Graeci
1038 2444 1153 2500 uomina
1181 2462 1218 2499 ex
1237 2451 1398 2517 argumente

343 2540 443 2597 dedere.
485 2538 523 2596 Et
543 2540 585 2597 sic
605 2539 742 2597 nimirum
770 2538 882 2615 ubique
903 2540 1019 2609 Plinius,
1050 2549 1083 2598 ut
1109 2539 1308 2597 necessarium
1336 2558 1398 2597 non

343 2638 380 2695 sit
400 2638 484 2713 plura
504 2638 610 2695 afferre
631 2637 774 2712 exempla.

304 2774 393 2824 enim:
412 2759 503 2836 praei.
530 2775 562 2815 12
585 2776 628 2834 sq.
652 2778 735 2832 neque
755 2757 910 2814 admittunt
923 2756 1035 2835 (libelli)
1057 2778 1180 2815 excessus
1200 2768 1252 2815 aul
1265 2760 1403 2816 orationes

342 2876 508 2914 sermonesve
537 2900 543 2913 .
574 2900 580 2911 .
612 2899 618 2911 .
648 2854 737 2911 stem'li
756 2854 879 2911 materia.
921 2855 1026 2912 Rerum
1049 2852 1152 2933 (enim)
1175 2865 1279 2912 natura
1316 2900 1322 2912 .
1356 2901 1361 2913 .
1395 2901 1401 2911 .

344 2962 494 3022 narratum·
520 2969 555 3025 14
569 2961 711 3028 praeterea
733 2952 782 3009 iter
803 2961 916 3008 estnon
937 2953 1004 3010 trita
1023 2953 1181 3009 auctoribus
1202 2954 1268 3022 uria,
1292 2973 1326 3009 ne
1346 2972 1402 3027 qua

335 3051 515 3128 peregrinari
532 3052 645 3107 anr'ruus
665 3058 781 3125 expetat.
823 3050 915 3108 Nemo
930 3049 1034 3127 (enim)
1054 3052 1134 3127 apud
1152 3071 1208 3121 nos,
1230 3052 1297 3125 qui‚·
1319 3043 1366 3107 IX
1382 3065 1398 3125 5

343 3149 425 3206 aliter
442 3149 545 3224 sparsis
565 3167 620 3205 non
642 3158 701 3205 erat
720 3148 846 3216 evadere·
869 3167 923 3204 reon
940 3145 1043 3225 (enim)
1067 3167 1137 3213 voce,
1161 3167 1217 3203 non
1237 3148 1331 3203 sonitu
1346 3192 1352 3204 .
1368 3192 1399 3203 ..

342 3246 392 3303 sed
400 3247 516 3325 fragore
536 3254 687 3314 termulum·
709 3245 779 3303 item
801 3243 853 3318 8o;
875 3258 929 3320 97;
951 3245 996 3302 bis
1021 3259 1085 3319 152.

302 3389 474 3447 propterea:
500 3369 563 3425 XII
587 3385 624 3441 24
653 3368 703 3424 sed
724 3378 749 3425 et
775 3366 849 3424 alias
876 3366 977 3423 similis
1006 3367 1070 3423 huic
1100 3366 1210 3423 dulcior
1231 3377 1325 3441 poma,
1356 3368 1407 3423 sed

342 3468 544 3526 interaneorum
567 3466 722 3524 ualetudini
742 3466 862 3539 inferlm·
884 3464 1010 3521 edinerat
1030 3461 1214 3541 (propterea)
1230 3463 1402 3533 Alexander,

343 3566 484 3641 nequis.
507 3610 513 3622 .
536 3611 542 3622 .
564 3565 714 3639 attingeret.
756 3562 910 3619 Sufficiant
930 3562 1006 3618 haec
1026 3561 1170 3635 exempla,
1200 3579 1278 3636 quae
1306 3560 1403 3617 multis

343 3662 405 3721 aliis
427 3662 526 3738 augeri
547 3670 679 3736 possunt.

309 3838 522 3847 ——.--—-

413 3970 437 4030 1)
456 3968 488 4017 cf.
506 3970 540 4018 A.
560 3965 687 4015 Felsium:
716 3965 757 4013 De
774 3964 886 4013 codicum
905 3964 1075 4029 antiquorum,
1095 3964 1120 4009 ln
1133 3961 1225 4025 quibus
1237 3960 1312 4009 Plinii
1333 3969 1402 4008 natu-

303 4056 361 4106 ralis
379 4055 483 4105 historia
502 4055 535 4104 ad
553 4062 639 4104 nostra
658 4062 771 4119 tempora
788 4062 927 4117 propagata
945 4062 990 4118 est,
1010 4052 1075 4117 fatis,
1095 4050 1144 4099 fide
1162 4059 1238 4113 atque
1257 4048 1403 4098 auctoritate

302 4144 486 4210 commentatio,
506 4144 640 4206 Gottingae
662 4142 736 4207 1861,
755 4158 781 4206 p.
805 4153 862 4192 100.

411 4232 439 4299 2)
458 4233 488 4284 cf.
506 4236 541 4284 A.
561 4232 672 4280 Felsium
690 4230 707 4284 l.
727 4230 746 4281 l.
764 4246 789 4294 p.
813 4242 870 4282 102.
