3242 5209
248 1370 325 1427 Cum
346 1369 465 1426 dicendi
496 1369 681 1426 consuetudo
707 1369 937 1445 uniuscuiusque
957 1369 1082 1443 linguae,
1112 1368 1235 1438 durnin

139 1484 195 1524 usu
217 1475 268 1534 est,
291 1474 419 1523 mutetur
445 1483 544 1540 neque
568 1464 642 1521 ullus
669 1465 792 1541 scriptor
813 1484 850 1523 ex
870 1466 1128 1540 grammaticorum
1148 1482 1235 1539 prae·

141 1562 242 1639 ceptis
273 1564 327 1621 sed
357 1562 401 1619 sui
431 1560 521 1636 ipsius
542 1570 677 1619 naturam
698 1570 816 1619 secutus
836 1579 921 1618 suam
935 1612 938 1614 c
951 1561 1070 1619 dicendi
1091 1561 1252 1635 rationem

140 1662 255 1729 formet,
277 1661 316 1719 de
337 1658 567 1734 uniuscuiusque
588 1659 734 1735 scriptoris
755 1660 885 1734 propria¹
899 1660 1000 1717 indole
1021 1678 1057 1717 ex
1079 1660 1169 1735 ipsius
1190 1658 1235 1715 di-

140 1758 227 1815 cendi
247 1774 356 1832 genere
385 1763 484 1831 potest
510 1754 621 1830 optime
648 1754 791 1830 disputari
821 1753 911 1831 atque
932 1756 1078 1832 singulare
1108 1754 1170 1813 eius
1191 1755 1235 1811 in·

139 1852 264 1930 genium¹
289 1852 319 1908 in
349 1852 446 1908 lucem
476 1851 606 1926 proferri.
659 1850 853 1927 Principalem
883 1860 984 1909 autem
1014 1852 1125 1917 locum,
1142 1851 1173 1907 in
1193 1850 1236 1921 iis,

140 1967 268 2027 quorum
289 1948 409 2007 dicendi
430 1948 624 2014 consuetudo,
647 1947 776 2006 insolens
807 1949 1028 2006 enuntiatorum
1057 1948 1236 2005 constructio

139 2044 329 2120 maximeque
349 2042 584 2119 breviloquentia
614 2044 645 2099 in
667 2045 792 2119 legendo
814 2045 916 2103 oculos
947 2045 977 2102 in
999 2063 1031 2103 se
1052 2052 1236 2113 convertunt,

141 2141 255 2200 obtinet
276 2140 387 2199 Plinius
407 2140 569 2210 Secundus,
600 2141 868 2216 praestantissimus
886 2141 1010 2217 scriptor
1031 2140 1172 2199 naturalis
1192 2140 1237 2197 hi-

140 2240 247 2299 storiae
262 2239 374 2314 optima
389 2238 507 2295 fortuna
520 2238 681 2296 memoriae
691 2238 835 2314 proditae,
851 2240 889 2297 de
904 2239 986 2297 cuius
1000 2238 1120 2296 dicendi
1129 2256 1238 2315 genere

140 2346 170 2395 et
183 2336 325 2412 imprimis
338 2334 573 2411 breviloquentia
587 2336 744 2393 nonnullas
759 2335 870 2393 contuli
879 2336 1115 2408 observationes3
1130 2354 1236 2411 quarn-

140 2451 231 2510 quam
252 2448 315 2490 non
336 2434 440 2507 ignoro
461 2432 539 2489 hanc
569 2450 631 2488 rem
662 2431 732 2488 nihil
754 2450 814 2489 non
845 2431 956 2489 habere
976 2431 1096 2507 negotii,
1118 2450 1177 2507 qua
1198 2432 1238 2489 de

141 2548 231 2589 causa
252 2548 347 2605 usque
367 2528 467 2587 adhuc
487 2547 549 2586 non
570 2528 654 2585 multi
674 2528 725 2585 viri
751 2529 832 2587 docti
853 2529 1077 2605 disputaverunt
1097 2530 1137 2586 de
1151 2527 1237 2585 Plinii

112 2608 114 2612 ,
139 2626 265 2684 naturali
285 2625 413 2688 historia.
435 2624 465 2681 in
487 2624 594 2700 quibus
614 2624 743 2685 maxime
764 2625 836 2682 mihi
857 2625 965 2683 auxilio
986 2632 1146 2692 venerunt:

248 2722 281 2780 L.
312 2721 344 2779 L.
376 2720 571 2797 Grasberger:
602 2721 650 2779 De
679 2740 735 2779 usu
765 2722 908 2790 Pliniano,
940 2721 1122 2798 Wirceburgi
1147 2718 1237 2795 18603

141 2820 206 2878 Ioh.
229 2818 370 2878 Mueller:
406 2818 468 2875 Der
499 2817 552 2875 Stil
583 2819 635 2875 des
666 2819 778 2876 alteren
809 2818 929 2887 Plinius,
961 2818 1124 2894 Oeniponti
1148 2817 1242 2891 1883}

141 2918 174 2977 C.
206 2916 415 2995 Mayholfius:¹
435 2906 688 2973 Lucubritionum
719 2915 919 2974 Plinianarum
949 2916 1108 2991 specimen,
1138 2915 1238 2973 Vrati·

140 3013 250 3073 slaviae
274 3010 356 3087 1865.
417 3059 422 3067 ,

249 3110 325 3169 Cum
346 3117 456 3178 autem,
487 3125 565 3185 quae
595 3108 630 3169 hi,
655 3109 707 3166 viri
728 3110 890 3169 doctissimi
911 3110 1103 3185 protulerunt,
1134 3128 1238 3185 parum
1317 3153 1319 3156 -

140 3208 273 3283 perlecta
294 3206 472 3282 expletaque
502 3205 575 3261 mihi
597 3224 661 3264 esse
691 3208 854 3276 videantur,
886 3208 1007 3290 inanem
1028 3207 1161 3265 laborem
1189 3225 1238 3263 me

141 3304 289 3380 suscipere
309 3321 371 3361 non
392 3302 516 3388 arbitror
546 3304 647 3360 denuo
677 3304 717 3359 de
743 3303 852 3361 haere
882 3304 1045 3379 disputans,
1066 3302 1239 3378 praesertim

141 3420 210 3458 curn
231 3402 269 3458 ab
291 3400 345 3459 illis
367 3399 435 3457 viris
463 3400 559 3458 doctis
579 3418 685 3475 pamm
715 3400 868 3458 adfinem
900 3402 990 3458 ducta
1020 3400 1057 3458 sit
1084 3417 1130 3458 res
1160 3400 1239 3467 ideo,

142 3499 224 3574 quod
245 3498 374 3573 singulas
403 3498 543 3555 naturalis
564 3497 702 3555 historiae
730 3505 829 3573 partes
850 3515 912 3556 non
942 3505 1164 3573 separavemnt;
1195 3497 1239 3553 di·
1332 3558 1336 3563 ,
1423 3521 1426 3525 ·

141 3594 349 3670 stinguendum
371 3594 451 3656 enim
472 3603 517 3651 est
536 3594 611 3651 inter
626 3612 675 3651 eas
689 3602 795 3669 partes
818 3594 849 3650 in
863 3595 970 3669 quibus
980 3594 1090 3653 Plinius
1099 3595 1187 3655 refert
1201 3595 1241 3651 de

142 3692 242 3767 aliqua
263 3709 302 3759 re,
321 3690 352 3747 in
367 3691 474 3766 quibus
489 3691 580 3747 habet
595 3687 1085 3767 disputationemphilosophicam,
1108 3690 1240 3765 denique

141 3788 172 3845 in
183 3788 289 3863 quibus
304 3787 343 3844 de
358 3786 476 3861 singulis
490 3786 645 3862 generibus
659 3787 836 3861 plantarum,
851 3788 1022 3845 animalium
1036 3786 1241 3862 imprimisque

141 3884 427 3941 medicamentorum
448 3882 584 3959 loquitur,
607 3883 713 3959 quibus
728 3884 758 3940 in
772 3885 1058 3942 medicamentorum
1071 3882 1152 3941 libris
1173 3884 1241 3941 bre·

143 3981 261 4039 vissime
278 3981 426 4057 scripsisse
447 3999 530 4038 more
551 3960 735 4042 medicorum
751 3979 887 4052 Plinium,
909 3981 975 4058 quis
996 3990 1040 4039 est
1061 3981 1112 4058 qui
1133 3982 1240 4057 neget?

143 4078 314 4137 Perstrinxit
328 4087 429 4136 tamen
444 4079 522 4136 hanc
535 4097 597 4135 rem
611 4078 714 4154 paucis
727 4078 824 4137 verbis
842 4078 923 4136 idem
948 4078 979 4135 L.
996 4073 1177 4153 Grasberger
1196 4078 1211 4134 l.
1224 4078 1240 4134 Ι.

142 4193 170 4251 p.
183 4174 201 4231 8
216 4194 284 4234 cum
295 4175 379 4233 dicit:
402 4193 472 4233 usus
486 4174 594 4233 medici
609 4184 654 4233 est
667 4175 809 4249 imprimis
825 4175 932 4251 ellipsis
950 4174 1087 4233 vocabuli
1101 4174 1189 4232 febris
1210 4174 1241 4230 in

142 4272 221 4330 libris
236 4273 275 4331 de
289 4272 445 4342 medicina,
456 4272 501 4330 vel
513 4292 588 4348 pars,
600 4291 686 4347 aqua,
697 4270 868 4330 remedium.
906 4272 995 4331 Hanc
1004 4271 1241 4330 observationem

144 4388 208 4430 esse
229 4380 341 4429 rectam
366 4371 478 4429 docent
498 4387 553 4427 nos
583 4370 692 4429 medici
712 4369 775 4445 ipsi,
808 4388 825 4426 e
857 4387 984 4445 quorum
1014 4358 1129 4444 scriptis
1150 4366 1242 4426 Gras-
