3242 5209
776 417 950 453 ..10-

312 573 468 629 crnc'ciliorn
481 572 625 646 fidemque
648 571 752 647 populi
769 572 900 628 Romani
917 572 1077 647 applicavit,
1099 591 1160 648 quo
1181 573 1248 631 loco
1269 574 1410 649 repetitur

312 670 490 727 vocabulum
505 668 619 727 Siciliae
639 668 729 743 paulo
744 677 834 725 antea
854 670 949 726 forma
970 669 1097 745 genetivi
1112 688 1197 727 casus
1218 672 1407 729 antecedens.

313 769 348 826 In
378 766 569 844 sequentibus
600 764 757 823 enuntiatis
788 766 827 823 de
848 765 944 823 Sicilia
965 766 1119 841 agentibus
1141 786 1324 844 quamquam
1345 787 1408 826 non

312 874 408 924 exstat
422 864 599 923 vocabulum
614 863 728 921 Siciliae
749 863 854 938 ipsum,
877 872 972 921 exstat
985 872 1086 920 tamen
1100 882 1267 939 pronomen
1281 866 1407 923 demon·

312 962 471 1031 strativum,
493 961 584 1036 quod,
606 968 639 1016 ut
658 960 718 1017 iam
739 978 828 1034 supra
842 960 1006 1027 docuimus
1028 961 1232 1018 desideramus
1253 961 1316 1019 aliis
1336 962 1408 1021 locis

312 1058 456 1127 Plinianis‚
479 1077 570 1133 quarn
592 1075 653 1115 rem
674 1056 732 1114 iam
753 1056 846 1132 attigit
867 1057 890 1113 I.
907 1056 1013 1114 Muller
1033 1058 1049 1113 l.
1066 1057 1083 1114 l.
1097 1076 1125 1132 p.
1142 1071 1176 1130 71
1199 1077 1242 1133 sq.
1265 1057 1409 1134 Inspicias

311 1154 398 1211 velim
414 1155 502 1211 etiam
525 1154 580 1210 hos
602 1152 695 1210 locos:
718 1153 765 1209 IX
780 1169 798 1226 9
813 1153 994 1228 auditumque
1015 1155 1045 1210 in
1066 1154 1186 1228 quodum
1207 1165 1285 1228 specu
1306 1156 1408 1212 conclea

312 1259 451 1307 canentem
478 1250 614 1305 Tritonem
637 1268 692 1323 quo
714 1250 954 1325 noscc'lurformo,·
976 1260 1002 1306 el
1020 1250 1173 1307 lilereidum
1192 1250 1273 1325 salso
1295 1272 1350 1307 non
1371 1262 1410 1309 esl

313 1346 363 1422 (sc.
385 1342 501 1422 forma),
529 1346 653 1403 subiecti
682 1364 751 1421 ergo
772 1347 950 1404 vocabulum
981 1346 1038 1404 alia
1065 1366 1101 1404 ac
1127 1348 1302 1405 nominativi
1323 1368 1408 1408 casus

312 1446 407 1503 lorma
426 1444 575 1502 antecedit
589 1462 688 1519 neque
706 1444 846 1519 repetitur
860 1444 891 1500 in
906 1445 1060 1502 enuntiato
1080 1444 1153 1520 ipse.
1185 1446 1271 1503 Idem
1285 1447 1408 1522 legimus

312 1542 360 1599 IX
382 1540 419 1616 56
440 1550 466 1597 el
489 1540 562 1597 ulcus
593 1540 746 1615 ubicunque
767 1542 858 1617 pisces
886 1542 916 1598 in
943 1542 1036 1598 eodem
1058 1562 1135 1617 uque
1155 1542 1277 1609 adsidui,
1306 1544 1335 1599 si
1352 1564 1407 1601 uon

312 1638 424 1709 adfluot
443 1635 556 1715 (aqua),
580 1638 795 1707 exanimantur,
817 1639 850 1694 X
868 1644 902 1694 82
924 1659 980 1695 non
1004 1639 1042 1695 sil
1062 1649 1092 1694 ul
1112 1638 1227 1695 dubium
1249 1640 1322 1695 leone
1341 1661 1408 1698 suo·

313 1736 424 1792 ur'lutem
438 1742 691 1811 praemonstratum
706 1734 814 1809 efficaci
824 1736 946 1811 auspicio
961 1756 1023 1792 cum
1038 1736 1070 1793 iu
1084 1756 1128 1793 ore
1146 1735 1296 1793 Stesichori
1313 1739 1410 1795 cecinit

313 1833 429 1907 c'nsoutis
451 1830 501 1909 (sc.
517 1832 541 1889 is
555 1832 571 1888 i.
589 1851 613 1889 e.
636 1830 802 1909 luscinius);
825 1833 900 1890 XVI
926 1848 980 1907 117
1003 1853 1123 1908 nomque
1143 1842 1169 1889 el
1189 1834 1298 1890 minora
1319 1846 1408 1909 pomo

308 1930 476 2005 proueniuul
495 1938 521 1985 el
541 1929 696 1985 vermiculis
716 1930 855 1999 obnoxiu·
877 1932 945 2005 quin
966 1940 992 1987 el
1011 1931 1041 1987 iu
1063 1930 1125 2006 ipso
1139 1930 1234 1987 arbore
1256 1941 1411 1987 noscuntur

312 2026 434 2084 obnoxiu
471 2023 521 2103 (sc.
548 2024 575 2093 ii,
602 2025 618 2081 i.
646 2044 670 2083 e.
698 2025 873 2103 vermiculi);
906 2026 952 2083 XI
981 2042 1038 2101 233
1073 2026 1163 2083 osr'nis
1189 2046 1208 2082 u
1226 2028 1291 2101 fetu
1318 2025 1411 2084 dolent

312 2143 373 2195 eae,
395 2124 411 2181 i.
434 2142 458 2181 e.
481 2140 637 2180 mammae.

419 2220 527 2279 Laxior
557 2239 647 2296 quam
675 2220 887 2279 Ciceronianus
915 2220 1060 2297 Pliniique
1088 2220 1181 2297 magis
1208 2221 1343 2297 proprius
1365 2231 1409 2280 est

311 2336 381 2377 usus
402 2318 489 2376 huius
509 2318 624 2394 generis
635 2317 781 2375 Livianus
813 2318 848 2375 cl.
871 2317 945 2375 Livii
955 2318 1096 2374 XXXIX
1121 2335 1169 2391 14:
1192 2319 1297 2375 censuit
1315 2328 1407 2375 autem

311 2422 421 2470 senalus
437 2414 547 2489 gratim
567 2414 676 2470 consuli
686 2414 808 2489 agendos
830 2460 836 2472 .
859 2460 864 2471 .
888 2461 894 2472 .
916 2416 1099 2489 quaestionem
1115 2415 1213 2471 derude
1233 2415 1265 2470 de
1278 2414 1407 2471 Boccho·

312 2512 423 2569 ualibus
442 2511 579 2587 sucusque
600 2512 741 2569 noctuinis
760 2521 841 2568 extro
862 2512 985 2569 ordinem
1006 2512 1162 2569 consulibus
1182 2512 1329 2578 mandant,
1358 2512 1409 2587 qui

312 2608 434 2684 quidem
464 2608 545 2667 locus
576 2627 612 2667 ea
641 2627 672 2667 re
702 2611 889 2667 excusandus
919 2618 970 2679 est,
1002 2610 1084 2685 quod
1113 2610 1198 2668 facile
1219 2628 1236 2667 e
1260 2609 1408 2667 vocabulo

311 2715 430 2765 senatus
451 2705 561 2782 expleri
582 2715 680 2782 potest
700 2715 859 2765 senatores.
890 2705 1006 2777 Durior,
1028 2714 1161 2765 attamen
1182 2725 1244 2764 non
1265 2706 1406 2772 insolens,

311 2811 356 2861 est
376 2803 424 2884 hic
444 2804 525 2861 locus
540 2803 679 2861 Livianus
694 2803 835 2860 XXXIX
851 2819 900 2860 20:
922 2812 949 2860 el
968 2804 1025 2860 iorn
1045 2803 1078 2874 Q.
1093 2804 1220 2859 Martius
1240 2803 1407 2878 quaestioni·

311 2900 361 2957 bus
380 2920 447 2956 succ
467 2901 584 2975 regionis
597 2902 725 2975 peu‘eclis
745 2902 775 2957 iu
789 2901 907 2976 Ligures
920 2902 1099 2975 prouinciam
1114 2900 1260 2976 proficisci
1270 2900 1405 2976 parabol,

311 2997 398 3053 tu'bus
419 2996 531 3054 milibus
544 2997 672 3073 peditum
686 2998 881 3054 Romanorum
903 3042 909 3053 .
932 3043 939 3054 .
961 3042 968 3055 .
990 2998 1119 3073 acceptu·
1141 2998 1234 3053 euclem
1248 2998 1407 3071 provincio,

312 3094 383 3149 colem
399 3113 528 3150 uumerus
541 3095 668 3169 pediturn
691 3139 697 3151 .
719 3139 725 3152 .
748 3140 754 3151 .
776 3104 802 3151 ct
821 3093 937 3170 collegae
957 3095 1075 3151 decretus
1089 3103 1156 3160 erat,
1179 3094 1313 3150 exercilus
1333 3113 1408 3150 occe·

308 3199 410 3266 peruret
430 3188 646 3268 (exspectemus
673 3192 797 3251 fortasse
817 3189 869 3269 hi),
900 3211 967 3266 quos
984 3192 1080 3265 priore
1105 3210 1180 3247 anuo
1201 3235 1208 3247 .
1231 3236 1236 3247 .
1260 3236 1266 3247 .
1288 3189 1409 3247 consules

311 3286 472 3344 habuerunt.
515 3286 679 3360 Quomodo
696 3287 772 3345 haec
786 3288 907 3347 dicendi
928 3288 1114 3345 consuetudo
1136 3295 1223 3345 aucta
1244 3295 1335 3364 atque
1355 3306 1406 3345 ex·

311 3383 431 3459 planata
451 3384 488 3443 sit
508 3404 527 3444 a
548 3384 649 3455 Plini0,
671 3404 760 3461 supra
780 3386 981 3462 cognovaus

311 3798 343 3876 b)
366 3799 552 3858 Omittitur
577 3799 798 3858 subiectum
823 3800 859 3857 in
884 3808 1065 3859 structura
1089 3802 1309 3860 accusativi
1331 3820 1407 3860 curn

761 3897 957 3955 infinitivo

418 4079 515 4137 Multo
536 4079 654 4155 saepius
675 4078 864 4155 supprimitur
884 4079 1007 4138 subiecti
1033 4079 1215 4137 accusativus
1235 4080 1266 4135 in
1286 4096 1406 4137 accusa·

310 4175 362 4247 tivi
376 4175 603 4233 cum-infinitivo
617 4184 769 4244 structura,
791 4176 874 4234 cuius
888 4175 929 4233 rei
944 4175 1080 4251 exempla
1100 4175 1289 4232 inveniuntur
1309 4174 1407 4230 omni·

311 4274 366 4331 bus
387 4273 503 4349 linguae
526 4272 650 4330 Latinae
674 4272 857 4348 temporibus
877 4272 1080 4348 imprimisque
1102 4272 1126 4329 si
1140 4271 1304 4329 subiectum
1326 4270 1409 4327 verbi

310 4371 437 4447 regentis
458 4377 488 4429 et
507 4368 666 4429 accusativi
694 4388 762 4427 cum
792 4370 938 4427 infinitivo
957 4370 1039 4427 idem
1060 4378 1111 4438 est,
1133 4368 1305 4445 saepissime
1325 4368 1408 4443 apud
