3242 5209
221 813 251 874 5.
266 797 376 862 Deest
389 795 662 883 substantium,
676 798 708 859 si
726 814 770 860 ex
786 795 1106 861 circumstantibus
1123 796 1199 860 eius
1214 795 1314 859 notio

519 916 523 923 ·
605 904 713 966 facile
737 907 930 980 suppletur.

326 1066 386 1124 Sed
407 1065 497 1123 etiam
517 1066 579 1123 aliis
601 1066 672 1123 locis
692 1063 842 1123 brevitatis
856 1062 976 1121 dicendi
1000 1081 1090 1121 causa
1112 1062 1317 1120 desiderantur

220 1162 409 1231 substantiva,
432 1164 456 1221 si
470 1163 570 1239 aliquo
591 1164 684 1220 modo
704 1162 873 1219 indicantur
892 1161 939 1218 vel
960 1179 997 1217 ex
1012 1159 1157 1217 enuntiati
1170 1158 1317 1217 sententia

221 1260 360 1336 cognosci
389 1268 519 1335 possunt.
563 1259 737 1335 Priusquam
765 1267 865 1316 autem
893 1258 932 1315 ad
961 1257 1019 1315 hoc
1048 1265 1139 1333 caput
1160 1265 1316 1324 transeam,

220 1358 306 1416 liceat
331 1357 402 1414 mihi
430 1356 494 1415 illos
525 1357 629 1415 afferre
654 1357 744 1425 locos,
771 1355 822 1431 qui
848 1373 916 1412 cum
941 1355 1134 1431 sequentibus
1154 1361 1223 1412 sunt
1243 1371 1316 1411 con·

221 1453 343 1521 ferendi,
366 1453 473 1529 quibus
494 1471 576 1511 more
597 1452 781 1512 Graecorum
802 1451 976 1509 omittuntur

409 1687 440 1763 a)
461 1684 691 1762 appellativa
712 1702 821 1753 uxor,
843 1683 960 1752 lilius,
981 1683 1124 1753 amicus,
1214 1715 1217 1722 ·

329 1844 406 1902 quae
427 1832 457 1883 et
477 1823 613 1901 genetivo
641 1823 770 1881 nominis
800 1823 909 1899 proprii
934 1823 1004 1881 satis
1029 1824 1157 1901 intellegi
1183 1831 1317 1900 possunt,

222 1924 305 1999 quod
325 1923 445 1981 dicendi
466 1940 566 1998 genus,
583 1939 765 1997 quamquam
777 1940 839 1979 non
854 1921 965 1979 orditur
979 1921 1050 1979 inde
1071 1922 1201 1992 aPlinio,
1217 1931 1319 1981 tamen

220 2040 283 2078 non
317 2020 435 2097 vulgare
471 2027 515 2077 est
551 2019 633 2093 apud
667 2018 797 2076 comicos
832 2027 949 2094 poetae,
984 2020 1035 2094 qui
1068 2020 1217 2078 nonnullis
1247 2020 1319 2078 locis

221 2118 408 2195 supprimunt
429 2116 606 2175 vocabulum
629 2116 713 2173 servi.
736 2116 772 2174 cl.
794 2115 888 2173 Plaut.
909 2116 1019 2191 Amph.
1041 2133 1097 2189 411
1121 2117 1244 2192 equidem
1257 2136 1318 2174 sum

221 2214 435 2291 Amphitruonis
465 2212 546 2271 Sosio
575 2210 625 2291 (sc.
654 2211 780 2291 servus);
812 2213 897 2271 Curc.
926 2229 984 2288 230
1011 2223 1082 2271 estne
1102 2215 1147 2271 ln'c
1166 2215 1320 2272 Palinums
1364 2206 1366 2210 ’

221 2312 393 2369 Phaedromi
418 2314 469 2389 (se.
491 2308 603 2387 servus)
610 2330 617 2383 ;
646 2310 765 2368 Terent.
793 2309 872 2367 And.
899 2324 956 2385 357
979 2312 1054 2385 sorte
1078 2312 1122 2368 ibi
1137 2312 1221 2369 huius
1242 2311 1319 2368 ordeo

221 2409 355 2486 Byrriam
378 2411 429 2486 (sc.
451 2405 588 2484 servum).
624 2406 700 2464 Cum
715 2415 815 2464 autem
830 2407 868 2465 ab
883 2407 944 2465 aliis
958 2408 1155 2483 scriptoribus
1166 2409 1318 2477 Cicerone,

221 2505 363 2583 Vergilio,
399 2504 482 2561 Livio
517 2522 733 2579 saepenumero
756 2503 890 2561 'nomina
928 2503 1086 2563 aflmitates
1125 2504 1320 2581 significantia

222 2604 402 2671 omittantur,
433 2601 527 2661 conici
556 2609 655 2677 potest
684 2620 747 2659 non
776 2600 833 2659 nisi
853 2601 973 2659 fortuito
994 2602 1072 2659 hanc
1100 2602 1213 2677 ellipsin
1239 2604 1321 2679 apud

222 2702 353 2761 comicos
374 2719 436 2758 non
462 2707 577 2758 exstare
586 2697 618 2777 1).
668 2699 705 2756 In
737 2699 844 2774 scripto
875 2699 1009 2757 Pliniana
1034 2700 1198 2775 principem
1223 2700 1322 2759 locum

222 2800 337 2858 obtinet
357 2797 477 2857 omissio
499 2798 578 2856 vocis
593 2798 699 2856 uxoris.
718 2797 753 2855 cl.
771 2796 912 2854 XXVIII
928 2812 967 2872 50
980 2798 1110 2873 Poppaea
1125 2798 1179 2855 'hoc
1199 2799 1323 2857 Neronis

216 2897 355 2975 principis
375 2896 513 2965 insenum·
548 2894 691 2952 XXXIII
717 2911 751 2970 19
773 2914 823 2952 nos
843 2895 965 2952 vidimus
984 2895 1173 2972 Agn‘ppinam
1208 2895 1325 2955 Claudii

215 2994 377 3070 principis·
398 2991 520 3049 XXXV
536 3008 591 3049 202
604 2990 710 3048 iubente
726 2991 885 3067 Agrippino
900 2990 1018 3050 Claudii
1028 2991 1173 3063 Caesaris,·
1182 2993 1320 3053 XXIX8

230 3091 330 3149 Vettius
357 3090 454 3147 Valens
483 3088 618 3146 adulterio
648 3087 820 3145 Messalinae
844 3088 963 3147 Claudii
985 3088 1111 3148 Caesaris
1141 3092 1321 3162 nomiliarius·

223 3188 284 3245 VII
307 3188 362 3263 158
383 3197 409 3245 el
434 3208 471 3244 ex
486 3187 605 3261 seminis
624 3186 712 3244 Livio
732 3186 830 3244 Rutili
847 3186 1059 3244 LXXXXVII
1080 3208 1170 3246 annos
1189 3191 1321 3260 excessii;

223 3284 376 3342 XXXV2
399 3293 474 3341 testes
492 3292 559 3340 sunt
577 3292 603 3341 el
621 3283 731 3341 Attalus
752 3283 787 3341 ill
820 3282 958 3342 Ciceronis
978 3282 1029 3363 (se.
1051 3284 1175 3363 amicus)
1199 3286 1217 3363 ).

330 3382 472 3440 Attamen
501 3380 564 3438 fieri
593 3388 700 3456 potest,
731 3388 763 3437 ut
793 3381 901 3457 ellipsis
928 3381 1035 3452 uxoris,
1061 3382 1113 3439 filii
1136 3383 1322 3460 aliorumque

223 3478 467 3556 appellativorum
488 3478 533 3535 his
554 3476 625 3535 locis
646 3478 803 3537 statuenda
818 3497 880 3536 non
901 3479 945 3549 sit,
967 3479 1022 3537 sed
1034 3480 1189 3557 genetivus
1202 3498 1321 3555 posses·

223 3577 310 3647 sivus,
325 3577 407 3653 quod
422 3594 459 3633 eo
474 3576 677 3634 commendari
690 3584 798 3651 potest,
814 3575 897 3651 quod
910 3574 1041 3652 plurimis
1055 3575 1127 3634 locis
1144 3576 1322 3653 significatur

222 3690 350 3747 persona
371 3672 510 3740 subiecta,
533 3690 611 3748 quae
633 3673 728 3731 estin
754 3673 852 3731 aliena
871 3680 1027 3748 potestate,
1055 3672 1167 3747 inqua
1192 3690 1223 3729 re
1251 3690 1321 3731 vera
1366 3666 1371 3672 ’

224 3777 308 3827 erant
332 3788 447 3837 uxores,
469 3769 527 3838 lilii,
550 3770 625 3827 servi
645 3770 726 3846 apud
749 3769 911 3838 Romanos,
933 3788 993 3846 quo
1013 3769 1135 3839 accedit,
1159 3771 1242 3846 quod
1265 3788 1321 3828 nos

224 3888 345 3947 quoque
374 3869 515 3927 dicimus:
555 3868 695 3927 Muellers
726 3867 859 3927 Gottlieb
888 3886 950 3925 non
976 3867 1179 3925 desiderantes
1214 3883 1320 3924 vocem

223 3964 349 4043 Sohar).

335 4194 359 4261 ι)
378 4197 411 4247 el.
431 4198 466 4248 A.
485 4197 639 4260 Draegerum
659 4195 677 4247 l.
696 4196 714 4247 l.
733 4196 747 4244 I
765 4212 790 4261 p.
810 4208 872 4259 447.

332 4286 359 4345 2)
378 4284 408 4335 cl.
427 4285 459 4335 L.
479 4284 632 4347 Grasberger
650 4284 666 4335 l.
686 4283 702 4335 l.
721 4300 747 4348 p.
770 4295 810 4336 10.

331 4370 359 4437 3)
377 4372 407 4424 cs.
426 4373 465 4423 K.
485 4372 642 4435 Reisigium:
661 4372 839 4434 Vorlesuugen
860 4371 923 4420 iiber
941 4372 985 4423 lat.
997 4370 1263 4437 Sprachwissenschast
1281 4372 1321 4423 ed.

224 4460 268 4512 Fr.
288 4460 374 4509 Haase
392 4460 495 4526 Lipsiae
516 4460 579 4509 1881
601 4476 626 4525 p.
646 4461 699 4521 640
718 4455 731 4527 ξ
753 4471 814 4523 353.
