<?xml version="1.0" encoding="UTF-8"?>
<!DOCTYPE html PUBLIC "-//W3C//DTD XHTML 1.0 Transitional//EN"
    "http://www.w3.org/TR/xhtml1/DTD/xhtml1-transitional.dtd">
<html xmlns="http://www.w3.org/1999/xhtml" xml:lang="en" lang="en">
 <head>
  <title>
</title>
<meta http-equiv="Content-Type" content="text/html;charset=utf-8" />
  <meta name='ocr-system' content='tesseract 3.04.00' />
  <meta name='ocr-capabilities' content='ocr_page ocr_carea ocr_par ocr_line ocrx_word'/>
</head>
<body>
  <div class='ocr_page' id='page_1' title='image "./debreviloqventi00plingoog_0024.png"; bbox 0 0 3242 5209; ppageno 0'>
   <div class='ocr_carea' id='block_1_1' title="bbox 767 473 944 511">
    <p class='ocr_par' dir='ltr' id='par_1_1' title="bbox 767 473 944 511">
     <span class='ocr_line' id='line_1_1' title="bbox 767 473 944 511; baseline -0.006 -11"><span class='ocrx_word' id='word_1_1' title='bbox 767 473 944 511; x_wconf 75' lang='lat'>..22-</span> 
     </span>
    </p>
   </div>
   <div class='ocr_carea' id='block_1_2' title="bbox 301 617 1423 3130">
    <p class='ocr_par' dir='ltr' id='par_1_2' title="bbox 301 617 1414 1677">
     <span class='ocr_line' id='line_1_2' title="bbox 303 617 1414 710; baseline -0.013 -21"><span class='ocrx_word' id='word_1_2' title='bbox 303 632 467 691; x_wconf 87' lang='lat' dir='ltr'>Strackius:</span> <span class='ocrx_word' id='word_1_3' title='bbox 503 634 553 691; x_wconf 92' lang='lat' dir='ltr'>die</span> <span class='ocrx_word' id='word_1_4' title='bbox 584 632 751 710; x_wconf 82' lang='lat' dir='ltr'>Lilstlinge;</span> <span class='ocrx_word' id='word_1_5' title='bbox 783 634 902 692; x_wconf 85' lang='lat' dir='ltr'>adicere</span> <span class='ocrx_word' id='word_1_6' title='bbox 932 651 1090 709; x_wconf 91' lang='lat' dir='ltr'>possumus</span> <span class='ocrx_word' id='word_1_7' title='bbox 1120 627 1257 687; x_wconf 86' lang='lat' dir='ltr'>XXXVI</span> <span class='ocrx_word' id='word_1_8' title='bbox 1288 622 1328 696; x_wconf 87' lang='grc'>48</span> <span class='ocrx_word' id='word_1_9' title='bbox 1358 617 1414 676; x_wconf 88' lang='lat' dir='ltr'>tal&#39;</span> 
     </span>
     <span class='ocr_line' id='line_1_3' title="bbox 302 719 1411 798; baseline -0.009 -13"><span class='ocrx_word' id='word_1_10' title='bbox 302 730 466 786; x_wconf 75' lang='lat' dir='ltr'>auctoritate</span> <span class='ocrx_word' id='word_1_11' title='bbox 487 730 503 786; x_wconf 90' lang='lat' dir='ltr'>i.</span> <span class='ocrx_word' id='word_1_12' title='bbox 527 749 551 787; x_wconf 90' lang='lat' dir='ltr'>e.</span> <span class='ocrx_word' id='word_1_13' title='bbox 574 732 613 788; x_wconf 85' lang='lat' dir='ltr'>ab</span> <span class='ocrx_word' id='word_1_14' title='bbox 637 730 761 788; x_wconf 89' lang='lat' dir='ltr'>homine</span> <span class='ocrx_word' id='word_1_15' title='bbox 792 731 857 789; x_wconf 91' lang='lat' dir='ltr'>talis</span> <span class='ocrx_word' id='word_1_16' title='bbox 880 729 1069 798; x_wconf 85' lang='lat' dir='ltr'>auctoritatis,</span> <span class='ocrx_word' id='word_1_17' title='bbox 1091 729 1204 785; x_wconf 79' lang='lat' dir='ltr'>inventa</span> <span class='ocrx_word' id='word_1_18' title='bbox 1226 744 1260 779; x_wconf 88' lang='lat' dir='ltr'>re.</span> <span class='ocrx_word' id='word_1_19' title='bbox 1297 719 1411 793; x_wconf 82' lang='lat' dir='ltr'>Magna</span> 
     </span>
     <span class='ocr_line' id='line_1_4' title="bbox 303 816 1411 902; baseline -0.006 -19"><span class='ocrx_word' id='word_1_20' title='bbox 303 826 394 883; x_wconf 90' lang='lat' dir='ltr'>etiam</span> <span class='ocrx_word' id='word_1_21' title='bbox 414 836 459 884; x_wconf 90' lang='lat' dir='ltr'>est</span> <span class='ocrx_word' id='word_1_22' title='bbox 480 827 524 885; x_wconf 93' lang='lat' dir='ltr'>vis</span> <span class='ocrx_word' id='word_1_23' title='bbox 546 828 684 885; x_wconf 87' lang='lat' dir='ltr'>abstracti</span> <span class='ocrx_word' id='word_1_24' title='bbox 706 827 881 886; x_wconf 87' lang='lat' dir='ltr'>substantivi</span> <span class='ocrx_word' id='word_1_25' title='bbox 902 829 942 885; x_wconf 86' lang='lat' dir='ltr'>ad</span> <span class='ocrx_word' id='word_1_26' title='bbox 971 823 1235 902; x_wconf 82' lang='lat' dir='ltr'>breviloquentiam</span> <span class='ocrx_word' id='word_1_27' title='bbox 1256 816 1411 895; x_wconf 83' lang='lat' dir='ltr'>pertinens</span> 
     </span>
     <span class='ocr_line' id='line_1_5' title="bbox 302 913 1411 1001; baseline -0.01 -22"><span class='ocrx_word' id='word_1_28' title='bbox 302 923 443 980; x_wconf 89' lang='lat' dir='ltr'>XXXVI</span> <span class='ocrx_word' id='word_1_29' title='bbox 463 923 527 994; x_wconf 82' lang='lat'>116,</span> <span class='ocrx_word' id='word_1_30' title='bbox 548 924 599 982; x_wconf 94' lang='lat' dir='ltr'>ubi</span> <span class='ocrx_word' id='word_1_31' title='bbox 614 933 673 983; x_wconf 89' lang='lat' dir='ltr'>est:</span> <span class='ocrx_word' id='word_1_32' title='bbox 695 925 838 1001; x_wconf 77' lang='lat' dir='ltr'>aliumque</span> <span class='ocrx_word' id='word_1_33' title='bbox 851 925 964 982; x_wconf 83' lang='lat' dir='ltr'>conectit</span> <span class='ocrx_word' id='word_1_34' title='bbox 978 925 1109 981; x_wconf 89' lang='lat' dir='ltr'>maiorem</span> <span class='ocrx_word' id='word_1_35' title='bbox 1124 920 1266 979; x_wconf 84' lang='lat' dir='ltr'>insunr&#39;am</span> <span class='ocrx_word' id='word_1_36' title='bbox 1289 913 1411 988; x_wconf 83' lang='lat' dir='ltr'>eligno;</span> 
     </span>
     <span class='ocr_line' id='line_1_6' title="bbox 302 1010 1412 1099; baseline -0.005 -24"><span class='ocrx_word' id='word_1_37' title='bbox 302 1020 398 1077; x_wconf 87' lang='lat' dir='ltr'>maior</span> <span class='ocrx_word' id='word_1_38' title='bbox 418 1021 498 1078; x_wconf 91' lang='lat' dir='ltr'>enim</span> <span class='ocrx_word' id='word_1_39' title='bbox 519 1021 635 1079; x_wconf 88' lang='lat' dir='ltr'>insania</span> <span class='ocrx_word' id='word_1_40' title='bbox 656 1040 673 1079; x_wconf 91' lang='lat' dir='ltr'>e</span> <span class='ocrx_word' id='word_1_41' title='bbox 695 1022 774 1099; x_wconf 86' lang='lat' dir='ltr'>ligno</span> <span class='ocrx_word' id='word_1_42' title='bbox 802 1024 883 1080; x_wconf 90' lang='lat' dir='ltr'>idem</span> <span class='ocrx_word' id='word_1_43' title='bbox 912 1032 957 1080; x_wconf 90' lang='lat' dir='ltr'>est</span> <span class='ocrx_word' id='word_1_44' title='bbox 982 1031 1072 1097; x_wconf 88' lang='lat' dir='ltr'>atque</span> <span class='ocrx_word' id='word_1_45' title='bbox 1100 1016 1269 1077; x_wconf 85' lang='lat' dir='ltr'>aedificium</span> <span class='ocrx_word' id='word_1_46' title='bbox 1290 1031 1308 1070; x_wconf 89' lang='lat' dir='ltr'>e</span> <span class='ocrx_word' id='word_1_47' title='bbox 1331 1010 1412 1085; x_wconf 83' lang='lat' dir='ltr'>ligno</span> 
     </span>
     <span class='ocr_line' id='line_1_7' title="bbox 301 1108 1409 1194; baseline -0.006 -22"><span class='ocrx_word' id='word_1_48' title='bbox 301 1116 414 1173; x_wconf 83' lang='lat' dir='ltr'>iactum</span> <span class='ocrx_word' id='word_1_49' title='bbox 428 1116 541 1175; x_wconf 89' lang='lat' dir='ltr'>maiore</span> <span class='ocrx_word' id='word_1_50' title='bbox 561 1119 684 1177; x_wconf 85' lang='lat' dir='ltr'>insania.</span> <span class='ocrx_word' id='word_1_51' title='bbox 729 1119 799 1177; x_wconf 88' lang='lat' dir='ltr'>Hoc</span> <span class='ocrx_word' id='word_1_52' title='bbox 821 1120 989 1194; x_wconf 86' lang='lat' dir='ltr'>exemplum</span> <span class='ocrx_word' id='word_1_53' title='bbox 1010 1120 1204 1193; x_wconf 87' lang='lat' dir='ltr'>insequantur</span> <span class='ocrx_word' id='word_1_54' title='bbox 1223 1130 1286 1169; x_wconf 91' lang='lat' dir='ltr'>non</span> <span class='ocrx_word' id='word_1_55' title='bbox 1308 1108 1409 1164; x_wconf 85' lang='lat' dir='ltr'>minus</span> 
     </span>
     <span class='ocr_line' id='line_1_8' title="bbox 301 1204 1408 1292; baseline -0.005 -23"><span class='ocrx_word' id='word_1_56' title='bbox 301 1223 469 1271; x_wconf 87' lang='lat' dir='ltr'>memoratu</span> <span class='ocrx_word' id='word_1_57' title='bbox 490 1216 596 1291; x_wconf 84' lang='lat' dir='ltr'>digna:</span> <span class='ocrx_word' id='word_1_58' title='bbox 627 1216 674 1273; x_wconf 93' lang='lat' dir='ltr'>IX</span> <span class='ocrx_word' id='word_1_59' title='bbox 695 1232 735 1291; x_wconf 84' lang='lat'>94</span> <span class='ocrx_word' id='word_1_60' title='bbox 764 1216 926 1292; x_wconf 80' lang='lat' dir='ltr'>navigeram</span> <span class='ocrx_word' id='word_1_61' title='bbox 947 1217 1005 1273; x_wconf 86' lang='lat' dir='ltr'>sibi</span> <span class='ocrx_word' id='word_1_62' title='bbox 1015 1214 1146 1291; x_wconf 80' lang='lat' dir='ltr'>prodidit</span> <span class='ocrx_word' id='word_1_63' title='bbox 1165 1210 1319 1268; x_wconf 86' lang='lat' dir='ltr'>Mutiemus</span> <span class='ocrx_word' id='word_1_64' title='bbox 1341 1204 1359 1260; x_wconf 89' lang='lat' dir='ltr'>i.</span> <span class='ocrx_word' id='word_1_65' title='bbox 1382 1220 1408 1259; x_wconf 84' lang='lat' dir='ltr'>e.</span> 
     </span>
     <span class='ocr_line' id='line_1_9' title="bbox 302 1300 1413 1389; baseline -0.009 -24"><span class='ocrx_word' id='word_1_66' title='bbox 302 1309 382 1367; x_wconf 90' lang='lat' dir='ltr'>aliud</span> <span class='ocrx_word' id='word_1_67' title='bbox 411 1311 521 1369; x_wconf 87' lang='lat' dir='ltr'>animal</span> <span class='ocrx_word' id='word_1_68' title='bbox 552 1313 620 1371; x_wconf 89' lang='lat' dir='ltr'>navi</span> <span class='ocrx_word' id='word_1_69' title='bbox 651 1313 761 1387; x_wconf 88' lang='lat' dir='ltr'>simile;</span> <span class='ocrx_word' id='word_1_70' title='bbox 791 1314 838 1371; x_wconf 91' lang='lat' dir='ltr'>vel</span> <span class='ocrx_word' id='word_1_71' title='bbox 859 1313 938 1371; x_wconf 94' lang='lat' dir='ltr'>XXI</span> <span class='ocrx_word' id='word_1_72' title='bbox 964 1330 998 1389; x_wconf 98' lang='grc'>13</span> <span class='ocrx_word' id='word_1_73' title='bbox 1022 1312 1086 1370; x_wconf 86' lang='lat' dir='ltr'>inde</span> <span class='ocrx_word' id='word_1_74' title='bbox 1106 1312 1232 1367; x_wconf 83' lang='lat' dir='ltr'>eductam</span> <span class='ocrx_word' id='word_1_75' title='bbox 1254 1300 1413 1361; x_wconf 85' lang='lat' dir='ltr'>custodiam</span> 
     </span>
     <span class='ocr_line' id='line_1_10' title="bbox 301 1394 1414 1479; baseline -0.003 -16"><span class='ocrx_word' id='word_1_76' title='bbox 301 1406 390 1464; x_wconf 81' lang='lat' dir='ltr'>bi&#39;bere</span> <span class='ocrx_word' id='word_1_77' title='bbox 415 1408 496 1465; x_wconf 76' lang='lat' dir='ltr'>iussit</span> <span class='ocrx_word' id='word_1_78' title='bbox 515 1407 532 1465; x_wconf 91' lang='lat' dir='ltr'>i.</span> <span class='ocrx_word' id='word_1_79' title='bbox 558 1428 582 1467; x_wconf 90' lang='lat' dir='ltr'>e.</span> <span class='ocrx_word' id='word_1_80' title='bbox 605 1409 760 1467; x_wconf 91' lang='lat' dir='ltr'>hominem</span> <span class='ocrx_word' id='word_1_81' title='bbox 780 1411 960 1468; x_wconf 91' lang='lat' dir='ltr'>custoditum</span> <span class='ocrx_word' id='word_1_82' title='bbox 981 1428 998 1468; x_wconf 88' lang='lat' dir='ltr'>e</span> <span class='ocrx_word' id='word_1_83' title='bbox 1020 1426 1135 1467; x_wconf 90' lang='lat' dir='ltr'>carcere</span> <span class='ocrx_word' id='word_1_84' title='bbox 1151 1399 1341 1479; x_wconf 88' lang='lat' dir='ltr'>eductum¹);</span> <span class='ocrx_word' id='word_1_85' title='bbox 1365 1394 1414 1453; x_wconf 79' lang='lat' dir='ltr'>vel</span> 
     </span>
     <span class='ocr_line' id='line_1_11' title="bbox 303 1492 1409 1583; baseline 0.002 -22"><span class='ocrx_word' id='word_1_86' title='bbox 303 1505 350 1561; x_wconf 93' lang='lat' dir='ltr'>IX</span> <span class='ocrx_word' id='word_1_87' title='bbox 366 1521 405 1579; x_wconf 83' lang='grc' dir='ltr'>3ο</span> <span class='ocrx_word' id='word_1_88' title='bbox 425 1505 546 1562; x_wconf 84' lang='lat' dir='ltr'>celeriter</span> <span class='ocrx_word' id='word_1_89' title='bbox 557 1506 683 1583; x_wconf 78' lang='lat' dir='ltr'>delphini</span> <span class='ocrx_word' id='word_1_90' title='bbox 694 1508 856 1565; x_wconf 76' lang='lat' dir='ltr'>exaudiunt</span> <span class='ocrx_word' id='word_1_91' title='bbox 868 1507 1002 1565; x_wconf 78' lang='lat' dir='ltr'>desideria</span> <span class='ocrx_word' id='word_1_92' title='bbox 1015 1508 1032 1563; x_wconf 91' lang='lat' dir='ltr'>i.</span> <span class='ocrx_word' id='word_1_93' title='bbox 1049 1526 1073 1564; x_wconf 93' lang='lat' dir='ltr'>e.</span> <span class='ocrx_word' id='word_1_94' title='bbox 1088 1504 1212 1563; x_wconf 88' lang='lat' dir='ltr'>nomina</span> <span class='ocrx_word' id='word_1_95' title='bbox 1226 1492 1409 1577; x_wconf 63' lang='lat' dir='ltr'>(simorum),</span> 
     </span>
     <span class='ocr_line' id='line_1_12' title="bbox 303 1604 708 1677; baseline 0.005 -18"><span class='ocrx_word' id='word_1_96' title='bbox 303 1620 383 1677; x_wconf 88' lang='lat' dir='ltr'>quae</span> <span class='ocrx_word' id='word_1_97' title='bbox 403 1611 513 1672; x_wconf 86' lang='lat' dir='ltr'>amant,</span> <span class='ocrx_word' id='word_1_98' title='bbox 536 1604 708 1662; x_wconf 88' lang='lat' dir='ltr'>exaudiunt.</span> 
     </span>
    </p>

    <p class='ocr_par' dir='ltr' id='par_1_3' title="bbox 302 1690 1421 2455">
     <span class='ocr_line' id='line_1_13' title="bbox 411 1690 1416 1778; baseline -0.007 -22"><span class='ocrx_word' id='word_1_99' title='bbox 411 1698 553 1776; x_wconf 89' lang='lat' dir='ltr'>Denique</span> <span class='ocrx_word' id='word_1_100' title='bbox 567 1702 607 1758; x_wconf 88' lang='lat' dir='ltr'>ad</span> <span class='ocrx_word' id='word_1_101' title='bbox 628 1700 700 1759; x_wconf 94' lang='lat' dir='ltr'>illud</span> <span class='ocrx_word' id='word_1_102' title='bbox 724 1710 874 1761; x_wconf 82' lang='lat' dir='ltr'>transeam</span> <span class='ocrx_word' id='word_1_103' title='bbox 898 1710 994 1778; x_wconf 88' lang='lat' dir='ltr'>caput,</span> <span class='ocrx_word' id='word_1_104' title='bbox 1016 1701 1178 1777; x_wconf 86' lang='lat' dir='ltr'>quodiam</span> <span class='ocrx_word' id='word_1_105' title='bbox 1203 1694 1298 1771; x_wconf 88' lang='lat' dir='ltr'>attigit</span> <span class='ocrx_word' id='word_1_106' title='bbox 1319 1690 1416 1749; x_wconf 87' lang='lat' dir='ltr'>Gras-</span> 
     </span>
     <span class='ocr_line' id='line_1_14' title="bbox 303 1787 1415 1875; baseline -0.008 -23"><span class='ocrx_word' id='word_1_107' title='bbox 303 1797 407 1873; x_wconf 85' lang='lat' dir='ltr'>berger</span> <span class='ocrx_word' id='word_1_108' title='bbox 414 1794 447 1875; x_wconf 74' lang='lat'>²),</span> <span class='ocrx_word' id='word_1_109' title='bbox 469 1797 520 1873; x_wconf 91' lang='lat' dir='ltr'>qui</span> <span class='ocrx_word' id='word_1_110' title='bbox 534 1798 655 1873; x_wconf 89' lang='lat' dir='ltr'>protulit</span> <span class='ocrx_word' id='word_1_111' title='bbox 675 1800 861 1859; x_wconf 86' lang='lat' dir='ltr'>substantiva</span> <span class='ocrx_word' id='word_1_112' title='bbox 875 1801 1022 1858; x_wconf 86' lang='lat' dir='ltr'>abstracta</span> <span class='ocrx_word' id='word_1_113' title='bbox 1035 1799 1066 1855; x_wconf 94' lang='lat' dir='ltr'>in</span> <span class='ocrx_word' id='word_1_114' title='bbox 1081 1816 1128 1855; x_wconf 87' lang='lat' dir='ltr'>-as</span> <span class='ocrx_word' id='word_1_115' title='bbox 1142 1795 1189 1854; x_wconf 92' lang='lat' dir='ltr'>vel</span> <span class='ocrx_word' id='word_1_116' title='bbox 1203 1794 1247 1851; x_wconf 89' lang='lat' dir='ltr'>-io</span> <span class='ocrx_word' id='word_1_117' title='bbox 1262 1787 1415 1854; x_wconf 83' lang='lat' dir='ltr'>exeuntia,</span> 
     </span>
     <span class='ocr_line' id='line_1_15' title="bbox 303 1883 1417 1971; baseline -0.005 -23"><span class='ocrx_word' id='word_1_118' title='bbox 303 1893 411 1967; x_wconf 90' lang='lat' dir='ltr'>quibus</span> <span class='ocrx_word' id='word_1_119' title='bbox 442 1893 587 1952; x_wconf 87' lang='lat' dir='ltr'>adiciatur</span> <span class='ocrx_word' id='word_1_120' title='bbox 616 1896 780 1971; x_wconf 83' lang='lat' dir='ltr'>genetivus,</span> <span class='ocrx_word' id='word_1_121' title='bbox 817 1897 922 1954; x_wconf 89' lang='lat' dir='ltr'>usitata</span> <span class='ocrx_word' id='word_1_122' title='bbox 957 1914 1021 1954; x_wconf 91' lang='lat' dir='ltr'>esse</span> <span class='ocrx_word' id='word_1_123' title='bbox 1051 1913 1105 1971; x_wconf 87' lang='lat' dir='ltr'>pro</span> <span class='ocrx_word' id='word_1_124' title='bbox 1135 1888 1297 1957; x_wconf 90' lang='lat' dir='ltr'>adiectivis,</span> <span class='ocrx_word' id='word_1_125' title='bbox 1330 1883 1417 1942; x_wconf 90' lang='lat' dir='ltr'>cuius</span> 
     </span>
     <span class='ocr_line' id='line_1_16' title="bbox 303 1980 1418 2068; baseline -0.007 -21"><span class='ocrx_word' id='word_1_126' title='bbox 303 1990 447 2066; x_wconf 86' lang='lat' dir='ltr'>exemplis</span> <span class='ocrx_word' id='word_1_127' title='bbox 469 1991 598 2065; x_wconf 92' lang='lat' dir='ltr'>primum</span> <span class='ocrx_word' id='word_1_128' title='bbox 620 1992 743 2068; x_wconf 89' lang='lat' dir='ltr'>quidem</span> <span class='ocrx_word' id='word_1_129' title='bbox 774 1994 850 2051; x_wconf 87' lang='lat' dir='ltr'>haec</span> <span class='ocrx_word' id='word_1_130' title='bbox 871 1993 982 2051; x_wconf 87' lang='lat' dir='ltr'>addere</span> <span class='ocrx_word' id='word_1_131' title='bbox 1012 1993 1085 2049; x_wconf 93' lang='lat' dir='ltr'>mihi</span> <span class='ocrx_word' id='word_1_132' title='bbox 1114 1991 1214 2047; x_wconf 90' lang='lat' dir='ltr'>liceat:</span> <span class='ocrx_word' id='word_1_133' title='bbox 1247 1984 1295 2041; x_wconf 92' lang='lat' dir='ltr'>IX</span> <span class='ocrx_word' id='word_1_134' title='bbox 1316 1980 1358 2053; x_wconf 80' lang='lat'>64</span> <span class='ocrx_word' id='word_1_135' title='bbox 1380 1999 1418 2035; x_wconf 86' lang='lat' dir='ltr'>ex</span> 
     </span>
     <span class='ocr_line' id='line_1_17' title="bbox 304 2077 1418 2166; baseline -0.006 -25"><span class='ocrx_word' id='word_1_136' title='bbox 304 2085 411 2160; x_wconf 83' lang='lat' dir='ltr'>reliqua</span> <span class='ocrx_word' id='word_1_137' title='bbox 439 2086 585 2144; x_wconf 80' lang='lat' dir='ltr'>nobilitate</span> <span class='ocrx_word' id='word_1_138' title='bbox 606 2086 772 2166; x_wconf 82' lang='lat' dir='ltr'>(piscium);</span> <span class='ocrx_word' id='word_1_139' title='bbox 804 2112 837 2162; x_wconf 86' lang='lat'>92</span> <span class='ocrx_word' id='word_1_140' title='bbox 859 2090 992 2147; x_wconf 80' lang='lat' dir='ltr'>conuertit</span> <span class='ocrx_word' id='word_1_141' title='bbox 1015 2090 1045 2145; x_wconf 93' lang='lat' dir='ltr'>in</span> <span class='ocrx_word' id='word_1_142' title='bbox 1066 2108 1093 2144; x_wconf 88' lang='lat' dir='ltr'>sc</span> <span class='ocrx_word' id='word_1_143' title='bbox 1113 2084 1255 2143; x_wconf 85' lang='lat' dir='ltr'>custodum</span> <span class='ocrx_word' id='word_1_144' title='bbox 1277 2077 1418 2152; x_wconf 84' lang='lat' dir='ltr'>indigna·</span> 
     </span>
     <span class='ocr_line' id='line_1_18' title="bbox 302 2174 1421 2261; baseline -0.009 -23"><span class='ocrx_word' id='word_1_145' title='bbox 302 2182 404 2239; x_wconf 79' lang='lat' dir='ltr'>tionem</span> <span class='ocrx_word' id='word_1_146' title='bbox 438 2183 609 2241; x_wconf 85' lang='lat' dir='ltr'>adsiduitate</span> <span class='ocrx_word' id='word_1_147' title='bbox 631 2187 712 2260; x_wconf 78' lang='lat' dir='ltr'>furti</span> <span class='ocrx_word' id='word_1_148' title='bbox 740 2187 903 2256; x_wconf 87' lang='lat' dir='ltr'>immodici,·</span> <span class='ocrx_word' id='word_1_149' title='bbox 941 2187 972 2243; x_wconf 96' lang='lat' dir='ltr'>X</span> <span class='ocrx_word' id='word_1_150' title='bbox 994 2183 1049 2261; x_wconf 81' lang='lat'>156</span> <span class='ocrx_word' id='word_1_151' title='bbox 1081 2182 1220 2260; x_wconf 86' lang='lat' dir='ltr'>gallorum</span> <span class='ocrx_word' id='word_1_152' title='bbox 1245 2174 1421 2254; x_wconf 81' lang='lat' dir='ltr'>generositas</span> 
     </span>
     <span class='ocr_line' id='line_1_19' title="bbox 302 2271 1420 2359; baseline -0.008 -25"><span class='ocrx_word' id='word_1_153' title='bbox 302 2288 453 2354; x_wconf 86' lang='lat' dir='ltr'>spectatur;</span> <span class='ocrx_word' id='word_1_154' title='bbox 474 2280 539 2338; x_wconf 92' lang='lat' dir='ltr'>XII</span> <span class='ocrx_word' id='word_1_155' title='bbox 559 2298 593 2355; x_wconf 92' lang='grc'>13</span> <span class='ocrx_word' id='word_1_156' title='bbox 612 2282 782 2358; x_wconf 74' lang='lat' dir='ltr'>iniqueque</span> <span class='ocrx_word' id='word_1_157' title='bbox 803 2285 833 2341; x_wconf 93' lang='lat' dir='ltr'>in</span> <span class='ocrx_word' id='word_1_158' title='bbox 852 2303 948 2359; x_wconf 83' lang='lat' dir='ltr'>genere</span> <span class='ocrx_word' id='word_1_159' title='bbox 962 2280 1153 2357; x_wconf 84' lang='lat' dir='ltr'>pumilionum</span> <span class='ocrx_word' id='word_1_160' title='bbox 1169 2275 1319 2351; x_wconf 76' lang='lat' dir='ltr'>infelicitas</span> <span class='ocrx_word' id='word_1_161' title='bbox 1340 2271 1420 2327; x_wconf 85' lang='lat' dir='ltr'>dicta</span> 
     </span>
     <span class='ocr_line' id='line_1_20' title="bbox 302 2373 1249 2455; baseline -0.001 -23"><span class='ocrx_word' id='word_1_162' title='bbox 302 2376 368 2445; x_wconf 66' lang='lat' dir='ltr'>erit·</span> <span class='ocrx_word' id='word_1_163' title='bbox 390 2376 483 2433; x_wconf 91' lang='lat' dir='ltr'>XVII</span> <span class='ocrx_word' id='word_1_164' title='bbox 510 2394 561 2450; x_wconf 91' lang='lat'>172</span> <span class='ocrx_word' id='word_1_165' title='bbox 583 2378 724 2435; x_wconf 75' lang='lat' dir='ltr'>subtilitas</span> <span class='ocrx_word' id='word_1_166' title='bbox 737 2380 932 2454; x_wconf 88' lang='lat' dir='ltr'>parsimoniae</span> <span class='ocrx_word' id='word_1_167' title='bbox 952 2378 1112 2455; x_wconf 88' lang='lat' dir='ltr'>compendio</span> <span class='ocrx_word' id='word_1_168' title='bbox 1135 2373 1249 2433; x_wconf 82' lang='lat' dir='ltr'>invenit.</span> 
     </span>
    </p>

    <p class='ocr_par' dir='ltr' id='par_1_4' title="bbox 302 2470 1423 3130">
     <span class='ocr_line' id='line_1_21' title="bbox 414 2470 1421 2552; baseline -0.009 -22"><span class='ocrx_word' id='word_1_169' title='bbox 414 2473 536 2531; x_wconf 91' lang='lat' dir='ltr'>Deinde</span> <span class='ocrx_word' id='word_1_170' title='bbox 567 2493 630 2532; x_wconf 89' lang='lat' dir='ltr'>non</span> <span class='ocrx_word' id='word_1_171' title='bbox 661 2476 760 2533; x_wconf 88' lang='lat' dir='ltr'>solum</span> <span class='ocrx_word' id='word_1_172' title='bbox 788 2496 841 2552; x_wconf 89' lang='lat' dir='ltr'>per</span> <span class='ocrx_word' id='word_1_173' title='bbox 871 2479 1018 2534; x_wconf 87' lang='lat' dir='ltr'>abstracta</span> <span class='ocrx_word' id='word_1_174' title='bbox 1047 2473 1230 2533; x_wconf 88' lang='lat' dir='ltr'>substantiva</span> <span class='ocrx_word' id='word_1_175' title='bbox 1250 2470 1282 2525; x_wconf 91' lang='lat' dir='ltr'>in</span> <span class='ocrx_word' id='word_1_176' title='bbox 1305 2485 1362 2525; x_wconf 90' lang='lat' dir='ltr'>·as</span> <span class='ocrx_word' id='word_1_177' title='bbox 1389 2471 1421 2522; x_wconf 88' lang='lat' dir='ltr'>et</span> 
     </span>
     <span class='ocr_line' id='line_1_22' title="bbox 304 2561 1420 2631; baseline -0.004 -5"><span class='ocrx_word' id='word_1_178' title='bbox 304 2568 356 2627; x_wconf 93' lang='lat' dir='ltr'>-io</span> <span class='ocrx_word' id='word_1_179' title='bbox 377 2570 431 2627; x_wconf 90' lang='lat' dir='ltr'>sed</span> <span class='ocrx_word' id='word_1_180' title='bbox 452 2570 543 2627; x_wconf 90' lang='lat' dir='ltr'>etiam</span> <span class='ocrx_word' id='word_1_181' title='bbox 566 2570 597 2627; x_wconf 90' lang='lat' dir='ltr'>in</span> <span class='ocrx_word' id='word_1_182' title='bbox 619 2590 651 2628; x_wconf 87' lang='lat' dir='ltr'>-a</span> <span class='ocrx_word' id='word_1_183' title='bbox 673 2573 814 2631; x_wconf 86' lang='lat' dir='ltr'>exeuntia</span> <span class='ocrx_word' id='word_1_184' title='bbox 842 2573 920 2630; x_wconf 83' lang='lat' dir='ltr'>effici</span> <span class='ocrx_word' id='word_1_185' title='bbox 948 2572 1067 2630; x_wconf 87' lang='lat' dir='ltr'>dicendi</span> <span class='ocrx_word' id='word_1_186' title='bbox 1095 2569 1270 2627; x_wconf 89' lang='lat' dir='ltr'>brevitatem</span> <span class='ocrx_word' id='word_1_187' title='bbox 1302 2584 1340 2622; x_wconf 89' lang='lat' dir='ltr'>ex</span> <span class='ocrx_word' id='word_1_188' title='bbox 1371 2561 1420 2618; x_wconf 90' lang='lat' dir='ltr'>his</span> 
     </span>
     <span class='ocr_line' id='line_1_23' title="bbox 304 2660 1422 2744; baseline -0.007 -22"><span class='ocrx_word' id='word_1_189' title='bbox 304 2666 445 2741; x_wconf 88' lang='lat' dir='ltr'>cognosci</span> <span class='ocrx_word' id='word_1_190' title='bbox 461 2675 562 2741; x_wconf 88' lang='lat' dir='ltr'>potest</span> <span class='ocrx_word' id='word_1_191' title='bbox 578 2669 722 2743; x_wconf 87' lang='lat' dir='ltr'>exemplis</span> <span class='ocrx_word' id='word_1_192' title='bbox 739 2670 816 2726; x_wconf 91' lang='lat' dir='ltr'>XIV</span> <span class='ocrx_word' id='word_1_193' title='bbox 837 2686 890 2744; x_wconf 83' lang='lat'>125</span> <span class='ocrx_word' id='word_1_194' title='bbox 906 2670 977 2727; x_wconf 86' lang='lat' dir='ltr'>aceti</span> <span class='ocrx_word' id='word_1_195' title='bbox 988 2670 1061 2725; x_wconf 87' lang='lat' dir='ltr'>enim</span> <span class='ocrx_word' id='word_1_196' title='bbox 1077 2667 1215 2741; x_wconf 74' lang='lat' dir='ltr'>nequitiae</span> <span class='ocrx_word' id='word_1_197' title='bbox 1229 2665 1300 2720; x_wconf 89' lang='lat' dir='ltr'>inest</span> <span class='ocrx_word' id='word_1_198' title='bbox 1314 2660 1422 2726; x_wconf 83' lang='lat' dir='ltr'>oirtus;</span> 
     </span>
     <span class='ocr_line' id='line_1_24' title="bbox 302 2756 1423 2841; baseline -0.006 -23"><span class='ocrx_word' id='word_1_199' title='bbox 302 2761 380 2820; x_wconf 93' lang='lat' dir='ltr'>XVI</span> <span class='ocrx_word' id='word_1_200' title='bbox 407 2778 461 2837; x_wconf 87' lang='grc'>135</span> <span class='ocrx_word' id='word_1_201' title='bbox 485 2784 541 2820; x_wconf 93' lang='lat' dir='ltr'>non</span> <span class='ocrx_word' id='word_1_202' title='bbox 554 2766 787 2838; x_wconf 73' lang='lat' dir='ltr'>fencnt&#39;uniomi</span> <span class='ocrx_word' id='word_1_203' title='bbox 813 2768 949 2841; x_wconf 82' lang='lat' dir='ltr'>nardique</span> <span class='ocrx_word' id='word_1_204' title='bbox 976 2766 1089 2822; x_wconf 87' lang='lat' dir='ltr'>deliciae</span> <span class='ocrx_word' id='word_1_205' title='bbox 1108 2765 1125 2820; x_wconf 86' lang='lat' dir='ltr'>i.</span> <span class='ocrx_word' id='word_1_206' title='bbox 1148 2782 1173 2820; x_wconf 91' lang='lat' dir='ltr'>e.</span> <span class='ocrx_word' id='word_1_207' title='bbox 1195 2763 1251 2818; x_wconf 87' lang='lat' dir='ltr'>das</span> <span class='ocrx_word' id='word_1_208' title='bbox 1279 2756 1423 2815; x_wconf 87' lang='lat' dir='ltr'>liebliche</span> 
     </span>
     <span class='ocr_line' id='line_1_25' title="bbox 303 2853 1422 2939; baseline -0.004 -24"><span class='ocrx_word' id='word_1_209' title='bbox 303 2858 470 2916; x_wconf 88' lang='lat' dir='ltr'>Amomum</span> <span class='ocrx_word' id='word_1_210' title='bbox 491 2862 557 2916; x_wconf 94' lang='lat' dir='ltr'>und</span> <span class='ocrx_word' id='word_1_211' title='bbox 579 2860 609 2916; x_wconf 96' lang='lat' dir='ltr'>N</span> <span class='ocrx_word' id='word_1_212' title='bbox 612 2862 720 2919; x_wconf 89' lang='lat' dir='ltr'>ardum</span> <span class='ocrx_word' id='word_1_213' title='bbox 743 2872 851 2939; x_wconf 76' lang='lat' dir='ltr'>ertragt</span> <span class='ocrx_word' id='word_1_214' title='bbox 878 2882 910 2920; x_wconf 89' lang='lat' dir='ltr'>es</span> <span class='ocrx_word' id='word_1_215' title='bbox 937 2864 1019 2920; x_wconf 86' lang='lat' dir='ltr'>nicht</span> <span class='ocrx_word' id='word_1_216' title='bbox 1041 2908 1046 2919; x_wconf 94' lang='lat'>.</span> <span class='ocrx_word' id='word_1_217' title='bbox 1069 2907 1075 2918; x_wconf 93' lang='lat'>.</span> <span class='ocrx_word' id='word_1_218' title='bbox 1099 2906 1104 2917; x_wconf 94' lang='lat'>.</span> <span class='ocrx_word' id='word_1_219' title='bbox 1127 2879 1164 2916; x_wconf 86' lang='lat' dir='ltr'>zu</span> <span class='ocrx_word' id='word_1_220' title='bbox 1184 2857 1329 2914; x_wconf 90' lang='lat' dir='ltr'>wandern</span> <span class='ocrx_word' id='word_1_221' title='bbox 1352 2853 1369 2908; x_wconf 87' lang='lat' dir='ltr'>i.</span> <span class='ocrx_word' id='word_1_222' title='bbox 1394 2870 1422 2908; x_wconf 88' lang='lat' dir='ltr'>e.</span> 
     </span>
     <span class='ocr_line' id='line_1_26' title="bbox 303 2955 1423 3035; baseline -0.007 -23"><span class='ocrx_word' id='word_1_223' title='bbox 303 2957 469 3031; x_wconf 84' lang='lat' dir='ltr'>verpflanzt</span> <span class='ocrx_word' id='word_1_224' title='bbox 486 2976 523 3013; x_wconf 90' lang='lat' dir='ltr'>zu</span> <span class='ocrx_word' id='word_1_225' title='bbox 538 2960 668 3027; x_wconf 89' lang='lat' dir='ltr'>werden,</span> <span class='ocrx_word' id='word_1_226' title='bbox 691 2978 729 3015; x_wconf 81' lang='lat' dir='ltr'>ex</span> <span class='ocrx_word' id='word_1_227' title='bbox 749 2960 838 3017; x_wconf 87' lang='lat' dir='ltr'>India</span> <span class='ocrx_word' id='word_1_228' title='bbox 852 2961 1042 3035; x_wconf 61' lang='lat' dir='ltr'>peregrinari·</span> <span class='ocrx_word' id='word_1_229' title='bbox 1065 2958 1110 3015; x_wconf 92' lang='lat' dir='ltr'>lX</span> <span class='ocrx_word' id='word_1_230' title='bbox 1122 2974 1160 3031; x_wconf 83' lang='grc'>34</span> <span class='ocrx_word' id='word_1_231' title='bbox 1176 2955 1303 3012; x_wconf 81' lang='lat' dir='ltr'>maxime</span> <span class='ocrx_word' id='word_1_232' title='bbox 1324 2960 1423 3007; x_wconf 86' lang='lat' dir='ltr'>tumen</span> 
     </span>
     <span class='ocr_line' id='line_1_27' title="bbox 304 3053 1019 3130; baseline 0.007 -23"><span class='ocrx_word' id='word_1_233' title='bbox 304 3053 400 3109; x_wconf 86' lang='lat' dir='ltr'>rostris</span> <span class='ocrx_word' id='word_1_234' title='bbox 420 3053 617 3110; x_wconf 72' lang='lat' dir='ltr'>curriculorum</span> <span class='ocrx_word' id='word_1_235' title='bbox 640 3056 828 3130; x_wconf 85' lang='lat' dir='ltr'>maleficentia</span> <span class='ocrx_word' id='word_1_236' title='bbox 849 3055 1019 3113; x_wconf 85' lang='lat' dir='ltr'>adsimulati.</span> 
     </span>
    </p>
   </div>
   <div class='ocr_carea' id='block_1_3' title="bbox 303 3330 1426 3557">
    <p class='ocr_par' dir='ltr' id='par_1_5' title="bbox 303 3330 1426 3557">
     <span class='ocr_line' id='line_1_28' title="bbox 411 3330 1311 3407; baseline -0.008 -13"><span class='ocrx_word' id='word_1_237' title='bbox 411 3346 440 3394; x_wconf 88' lang='lat'>2.</span> <span class='ocrx_word' id='word_1_238' title='bbox 465 3334 521 3391; x_wconf 91' lang='lat' dir='ltr'>De</span> <span class='ocrx_word' id='word_1_239' title='bbox 547 3332 776 3407; x_wconf 84' lang='lat' dir='ltr'>appositione</span> <span class='ocrx_word' id='word_1_240' title='bbox 800 3349 845 3394; x_wconf 84' lang='lat' dir='ltr'>ex</span> <span class='ocrx_word' id='word_1_241' title='bbox 868 3332 1044 3394; x_wconf 88' lang='lat' dir='ltr'>adiectivo</span> <span class='ocrx_word' id='word_1_242' title='bbox 1070 3330 1311 3393; x_wconf 82' lang='lat' dir='ltr'>conformata.</span> 
     </span>
     <span class='ocr_line' id='line_1_29' title="bbox 303 3476 1426 3557; baseline -0.006 -20"><span class='ocrx_word' id='word_1_243' title='bbox 303 3478 333 3557; x_wconf 90' lang='lat' dir='ltr'>a)</span> <span class='ocrx_word' id='word_1_244' title='bbox 357 3481 592 3538; x_wconf 87' lang='lat' dir='ltr'>Adiectivum</span> <span class='ocrx_word' id='word_1_245' title='bbox 615 3482 814 3540; x_wconf 86' lang='lat' dir='ltr'>adhibetur</span> <span class='ocrx_word' id='word_1_246' title='bbox 835 3484 960 3556; x_wconf 87' lang='lat' dir='ltr'>eodem</span> <span class='ocrx_word' id='word_1_247' title='bbox 981 3481 1085 3537; x_wconf 91' lang='lat' dir='ltr'>modo</span> <span class='ocrx_word' id='word_1_248' title='bbox 1106 3498 1146 3536; x_wconf 87' lang='lat' dir='ltr'>ac</span> <span class='ocrx_word' id='word_1_249' title='bbox 1169 3476 1426 3553; x_wconf 87' lang='lat' dir='ltr'>participium.</span> 
     </span>
    </p>
   </div>
   <div class='ocr_carea' id='block_1_4' title="bbox 303 3622 1429 4087">
    <p class='ocr_par' dir='ltr' id='par_1_6' title="bbox 303 3622 1429 4087">
     <span class='ocr_line' id='line_1_30' title="bbox 413 3622 1421 3702; baseline -0.004 -21"><span class='ocrx_word' id='word_1_250' title='bbox 413 3625 506 3683; x_wconf 90' lang='lat' dir='ltr'>Nunc</span> <span class='ocrx_word' id='word_1_251' title='bbox 528 3626 655 3701; x_wconf 90' lang='lat' dir='ltr'>quidem</span> <span class='ocrx_word' id='word_1_252' title='bbox 677 3627 778 3684; x_wconf 89' lang='lat' dir='ltr'>dicam</span> <span class='ocrx_word' id='word_1_253' title='bbox 799 3627 910 3702; x_wconf 86' lang='lat' dir='ltr'>aliquid</span> <span class='ocrx_word' id='word_1_254' title='bbox 930 3627 969 3684; x_wconf 93' lang='lat' dir='ltr'>de</span> <span class='ocrx_word' id='word_1_255' title='bbox 993 3625 1180 3702; x_wconf 89' lang='lat' dir='ltr'>appositione</span> <span class='ocrx_word' id='word_1_256' title='bbox 1200 3642 1219 3681; x_wconf 89' lang='lat' dir='ltr'>a</span> <span class='ocrx_word' id='word_1_257' title='bbox 1241 3622 1339 3678; x_wconf 89' lang='lat' dir='ltr'>Plinio</span> <span class='ocrx_word' id='word_1_258' title='bbox 1362 3622 1421 3678; x_wconf 89' lang='lat' dir='ltr'>ad·</span> 
     </span>
     <span class='ocr_line' id='line_1_31' title="bbox 303 3718 1427 3799; baseline -0.004 -20"><span class='ocrx_word' id='word_1_259' title='bbox 303 3723 407 3792; x_wconf 91' lang='lat' dir='ltr'>hibita,</span> <span class='ocrx_word' id='word_1_260' title='bbox 438 3741 499 3797; x_wconf 90' lang='lat' dir='ltr'>qua</span> <span class='ocrx_word' id='word_1_261' title='bbox 527 3723 559 3778; x_wconf 92' lang='lat' dir='ltr'>in</span> <span class='ocrx_word' id='word_1_262' title='bbox 588 3741 620 3779; x_wconf 90' lang='lat' dir='ltr'>re</span> <span class='ocrx_word' id='word_1_263' title='bbox 650 3723 736 3780; x_wconf 89' lang='lat' dir='ltr'>Plinii</span> <span class='ocrx_word' id='word_1_264' title='bbox 764 3742 858 3791; x_wconf 89' lang='lat' dir='ltr'>usum,</span> <span class='ocrx_word' id='word_1_265' title='bbox 888 3731 1033 3799; x_wconf 89' lang='lat' dir='ltr'>quatenus</span> <span class='ocrx_word' id='word_1_266' title='bbox 1064 3722 1195 3780; x_wconf 90' lang='lat' dir='ltr'>eundem</span> <span class='ocrx_word' id='word_1_267' title='bbox 1225 3720 1317 3777; x_wconf 88' lang='lat' dir='ltr'>etiam</span> <span class='ocrx_word' id='word_1_268' title='bbox 1339 3718 1427 3793; x_wconf 89' lang='lat' dir='ltr'>apud</span> 
     </span>
     <span class='ocr_line' id='line_1_32' title="bbox 304 3813 1429 3897; baseline -0.005 -20"><span class='ocrx_word' id='word_1_269' title='bbox 304 3820 445 3877; x_wconf 86' lang='lat' dir='ltr'>classicos</span> <span class='ocrx_word' id='word_1_270' title='bbox 465 3818 639 3876; x_wconf 90' lang='lat' dir='ltr'>invenimus</span> <span class='ocrx_word' id='word_1_271' title='bbox 661 3820 828 3894; x_wconf 73' lang='lat' dir='ltr'>scriptores</span> <span class='ocrx_word' id='word_1_272' title='bbox 850 3820 1011 3897; x_wconf 82' lang='lat' dir='ltr'>neglegam,</span> <span class='ocrx_word' id='word_1_273' title='bbox 1042 3838 1142 3895; x_wconf 90' lang='lat' dir='ltr'>neque</span> <span class='ocrx_word' id='word_1_274' title='bbox 1163 3817 1290 3874; x_wconf 88' lang='lat' dir='ltr'>referam</span> <span class='ocrx_word' id='word_1_275' title='bbox 1312 3816 1354 3871; x_wconf 94' lang='lat' dir='ltr'>de</span> <span class='ocrx_word' id='word_1_276' title='bbox 1377 3813 1429 3871; x_wconf 90' lang='lat' dir='ltr'>illa</span> 
     </span>
     <span class='ocr_line' id='line_1_33' title="bbox 303 3912 1428 3991; baseline -0.003 -19"><span class='ocrx_word' id='word_1_277' title='bbox 303 3914 498 3990; x_wconf 90' lang='lat' dir='ltr'>appositione</span> <span class='ocrx_word' id='word_1_278' title='bbox 520 3916 739 3973; x_wconf 87' lang='lat' dir='ltr'>adiectivorum</span> <span class='ocrx_word' id='word_1_279' title='bbox 761 3916 824 3973; x_wconf 89' lang='lat' dir='ltr'>vice</span> <span class='ocrx_word' id='word_1_280' title='bbox 845 3915 958 3985; x_wconf 88' lang='lat' dir='ltr'>usitata,</span> <span class='ocrx_word' id='word_1_281' title='bbox 981 3917 1100 3991; x_wconf 87' lang='lat' dir='ltr'>quade</span> <span class='ocrx_word' id='word_1_282' title='bbox 1122 3933 1153 3971; x_wconf 91' lang='lat' dir='ltr'>re</span> <span class='ocrx_word' id='word_1_283' title='bbox 1177 3913 1315 3971; x_wconf 84' lang='lat' dir='ltr'>disseruit</span> <span class='ocrx_word' id='word_1_284' title='bbox 1330 3912 1428 3970; x_wconf 87' lang='lat' dir='ltr'>Gras-</span> 
     </span>
     <span class='ocr_line' id='line_1_34' title="bbox 303 4005 1429 4087; baseline -0.003 -19"><span class='ocrx_word' id='word_1_285' title='bbox 303 4005 449 4087; x_wconf 77' lang='lat' dir='ltr'>berger³)‚</span> <span class='ocrx_word' id='word_1_286' title='bbox 473 4011 525 4086; x_wconf 92' lang='lat' dir='ltr'>qui</span> <span class='ocrx_word' id='word_1_287' title='bbox 548 4011 654 4068; x_wconf 88' lang='lat' dir='ltr'>docuit</span> <span class='ocrx_word' id='word_1_288' title='bbox 675 4013 758 4086; x_wconf 90' lang='lat' dir='ltr'>apud</span> <span class='ocrx_word' id='word_1_289' title='bbox 773 4012 899 4068; x_wconf 91' lang='lat' dir='ltr'>Plinium</span> <span class='ocrx_word' id='word_1_290' title='bbox 920 4012 1102 4069; x_wconf 86' lang='lat' dir='ltr'>substantiva</span> <span class='ocrx_word' id='word_1_291' title='bbox 1122 4010 1267 4085; x_wconf 91' lang='lat' dir='ltr'>imprimis</span> <span class='ocrx_word' id='word_1_292' title='bbox 1289 4007 1429 4077; x_wconf 90' lang='lat' dir='ltr'>mobilia,</span> 
     </span>
    </p>
   </div>
   <div class='ocr_carea' id='block_1_5' title="bbox 416 4208 1140 4448">
    <p class='ocr_par' dir='ltr' id='par_1_7' title="bbox 416 4208 1140 4448">
     <span class='ocr_line' id='line_1_35' title="bbox 420 4208 1140 4273; baseline 0.008 -16"><span class='ocrx_word' id='word_1_293' title='bbox 420 4212 444 4272; x_wconf 97' lang='grc'>1)</span> <span class='ocrx_word' id='word_1_294' title='bbox 464 4210 495 4260; x_wconf 84' lang='lat' dir='ltr'>cs.</span> <span class='ocrx_word' id='word_1_295' title='bbox 516 4209 537 4261; x_wconf 88' lang='lat'>1.</span> <span class='ocrx_word' id='word_1_296' title='bbox 558 4208 685 4273; x_wconf 85' lang='lat' dir='ltr'>Silligium</span> <span class='ocrx_word' id='word_1_297' title='bbox 706 4211 738 4258; x_wconf 80' lang='lat' dir='ltr'>ad</span> <span class='ocrx_word' id='word_1_298' title='bbox 757 4209 822 4258; x_wconf 90' lang='lat' dir='ltr'>hunc</span> <span class='ocrx_word' id='word_1_299' title='bbox 841 4210 919 4259; x_wconf 88' lang='lat' dir='ltr'>locum</span> <span class='ocrx_word' id='word_1_300' title='bbox 938 4210 1055 4260; x_wconf 86' lang='lat' dir='ltr'>editionis</span> <span class='ocrx_word' id='word_1_301' title='bbox 1074 4226 1140 4263; x_wconf 86' lang='lat' dir='ltr'>suae.</span> 
     </span>
     <span class='ocr_line' id='line_1_36' title="bbox 417 4294 845 4361; baseline 0.009 -17"><span class='ocrx_word' id='word_1_302' title='bbox 417 4294 445 4361; x_wconf 85' lang='lat'>2)</span> <span class='ocrx_word' id='word_1_303' title='bbox 465 4297 497 4347; x_wconf 91' lang='lat' dir='ltr'>cs.</span> <span class='ocrx_word' id='word_1_304' title='bbox 519 4297 549 4347; x_wconf 91' lang='lat' dir='ltr'>L.</span> <span class='ocrx_word' id='word_1_305' title='bbox 571 4297 664 4348; x_wconf 84' lang='lat' dir='ltr'>Grasb.</span> <span class='ocrx_word' id='word_1_306' title='bbox 684 4296 701 4347; x_wconf 92' lang='lat' dir='ltr'>l.</span> <span class='ocrx_word' id='word_1_307' title='bbox 721 4297 737 4347; x_wconf 94' lang='lat' dir='ltr'>l.</span> <span class='ocrx_word' id='word_1_308' title='bbox 758 4313 782 4360; x_wconf 89' lang='lat' dir='ltr'>p.</span> <span class='ocrx_word' id='word_1_309' title='bbox 803 4309 845 4361; x_wconf 86' lang='lat'>75.</span> 
     </span>
     <span class='ocr_line' id='line_1_37' title="bbox 416 4383 847 4448; baseline 0.005 -15"><span class='ocrx_word' id='word_1_310' title='bbox 416 4385 444 4446; x_wconf 84' lang='lat'>3)</span> <span class='ocrx_word' id='word_1_311' title='bbox 465 4385 498 4435; x_wconf 91' lang='lat' dir='ltr'>cs.</span> <span class='ocrx_word' id='word_1_312' title='bbox 519 4385 551 4435; x_wconf 88' lang='lat' dir='ltr'>L.</span> <span class='ocrx_word' id='word_1_313' title='bbox 572 4384 663 4434; x_wconf 87' lang='lat' dir='ltr'>Grasb.</span> <span class='ocrx_word' id='word_1_314' title='bbox 685 4383 703 4434; x_wconf 91' lang='lat' dir='ltr'>l.</span> <span class='ocrx_word' id='word_1_315' title='bbox 724 4384 739 4435; x_wconf 90' lang='lat' dir='ltr'>l.</span> <span class='ocrx_word' id='word_1_316' title='bbox 760 4400 785 4448; x_wconf 91' lang='lat' dir='ltr'>p.</span> <span class='ocrx_word' id='word_1_317' title='bbox 804 4396 847 4447; x_wconf 92' lang='lat'>77.</span> 
     </span>
    </p>
   </div>
   <div class='ocr_carea' id='block_1_6' title="bbox 0 0 1627 5209">
    <p class='ocr_par' dir='ltr' id='par_1_8' title="bbox 0 0 1627 5209">
     <span class='ocr_line' id='line_1_38' title="bbox 0 0 1627 5209; baseline 0 0"><span class='ocrx_word' id='word_1_318' title='bbox 0 0 1627 5209; x_wconf 95' lang='lat' dir='ltr'> </span> 
     </span>
    </p>
   </div>
  </div>
 </body>
</html>
