3242 5209
687 756 717 835 a)
739 759 783 816 ab
805 759 1034 828 accusativ0,

310 950 378 991 cum
398 930 572 990 nominativi
592 933 706 991 formae
735 952 774 990 ne
802 951 896 990 unum
926 932 1047 1009 quidem
1078 934 1247 1009 exemplum
1277 933 1409 993 invenire

309 1028 469 1105 potuerim;
491 1036 622 1087 attamen
629 1030 861 1087 neaccusativus
869 1049 960 1106 purus
975 1031 1096 1107 quidem
1104 1032 1164 1087 ullo
1173 1032 1240 1089 loco
1248 1050 1297 1089 me
1312 1032 1409 1089 iudice

310 1134 413 1195 exstat,
436 1128 490 1184 sed
504 1144 621 1202 semper
636 1127 789 1203 dependet
810 1146 848 1185 ex
868 1128 1144 1203 praepositionibus,
1172 1128 1202 1185 id
1224 1130 1307 1204 quod
1327 1130 1408 1205 apud

310 1223 447 1282 classicos
468 1242 589 1300 quoque
611 1224 766 1301 scriptores
787 1226 938 1284 observari
958 1234 1064 1301 potest,
1096 1245 1163 1283 cum
1188 1206 1317 1301 exceptis
1338 1228 1423 1284 sub-2

310 1320 441 1378 stantivis
480 1321 632 1379 abstractis
671 1322 842 1397 philosophi
881 1322 1024 1380 sermonis
1054 1323 1247 1393 honestum,
1279 1324 1408 1393 bonum,

311 1417 413 1488 utile,
445 1418 574 1475 iustum
604 1418 727 1493 aliisque
755 1419 784 1475 in
807 1419 982 1476 nominativi
1012 1428 1041 1477 et
1070 1420 1227 1477 accusativi
1257 1421 1409 1497 singularis

310 1516 405 1574 forma
419 1514 564 1573 rarissime
578 1513 724 1572 adiectiva
738 1515 801 1571 sine
815 1515 1081 1590 praepositionibus
1096 1516 1279 1575 substantive
1292 1536 1408 1594 ponan-

309 1623 363 1671 tur.
394 1613 512 1677 Tamen
533 1620 650 1670 exstaut
670 1611 814 1669 nonnulla
836 1612 972 1686 exempla
994 1612 1197 1671 Ciceroniana.
1231 1616 1267 1672 cl.
1289 1616 1328 1672 de
1349 1625 1408 1672 nat.

310 1712 391 1768 deor.
427 1727 450 1778 1,
477 1726 499 1779 1,
525 1726 536 1766 1
561 1709 672 1783 salsum
693 1710 809 1777 sentr're,·
840 1708 871 1765 in
891 1709 974 1767 Verr.
996 1726 1023 1781 4,
1047 1710 1092 1778 28,
1115 1708 1255 1782 (situnne
1275 1710 1409 1788 reliquum

310 1808 459 1878 attendite·
480 1826 535 1884 pro
555 1808 589 1865 C.
604 1807 679 1865 Rab.
695 1807 773 1864 Post.
793 1822 836 1876 10,
860 1822 897 1881 29
912 1806 989 1863 m'ln'l
999 1808 1259 1883 nz'sz'sempilernum
1272 1818 1409 1885 spectare;

310 1914 400 1982 atque
421 1905 502 1963 idem
522 1904 627 1963 Cicero
658 1904 729 1962 dicit
759 1903 892 1961 oratione
913 1904 1121 1979 philosophica
1151 1915 1272 1963 coactus
1293 1906 1359 1963 Div.
1383 1922 1408 1975 2,

311 2017 358 2077 50,
384 2018 438 2076 103
460 2002 537 2077 quod
553 2001 583 2059 in
606 2021 694 2057 rerum
717 2010 820 2057 natura
839 2021 920 2057 omne
939 2020 993 2057 esse
1006 2000 1133 2067 dicimus,
1157 2003 1191 2058 id
1201 2004 1343 2077 infinitum
1364 2013 1409 2059 est.

311 2082 461 2163 Necnon
481 2108 596 2157 exstare
617 2099 697 2155 hunc
718 2115 804 2155 usum
826 2099 907 2173 apud
930 2097 1045 2155 Livium
1067 2099 1254 2175 cognoscitur
1275 2100 1340 2157 loco
1363 2099 1408 2165 28,

312 2196 430 2273 27,1ubi
450 2196 591 2271 scriptum
612 2196 761 2253 videmus:
786 2203 838 2251 aut
856 2194 1039 2269 tranquillum
1061 2204 1112 2251 aret
1124 2195 1262 2271 procellae
1282 2197 1313 2253 in
1335 2198 1410 2253 vobis

310 2278 384 2361 sunl,
416 2314 477 2371 quo
498 2302 599 2375 tamen
625 2294 691 2350 loco
715 2292 957 2367 tranquillum·
977 2310 1039 2350 non
1070 2293 1252 2350 substantive
1271 2292 1409 2369 positum,

312 2394 365 2451 sed
407 2393 507 2469 potius
551 2391 766 2450 substantivum
809 2411 905 2447 mare
946 2390 1087 2448 omissum
1132 2391 1216 2448 facile
1259 2392 1411 2467 suppletur

311 2500 432 2566 propter
461 2508 589 2567 sequens
619 2490 796 2548 vocabulum
817 2489 973 2564 procellae,
1005 2488 1086 2546 cuius
1116 2490 1198 2545 notio
1228 2489 1302 2545 mari
1333 2497 1410 2546 certe

311 2588 408 2647 affinis
429 2597 473 2646 est
480 2608 487 2661 ;
501 2599 503 2605 '
519 2588 611 2645 immo
641 2606 711 2645 vero
735 2586 883 2645 rarissime
913 2595 1044 2644 versatur
1073 2586 1104 2642 in
1124 2586 1183 2644 hoc
1203 2604 1260 2643 usu
1280 2585 1409 2656 Tacitus

312 2684 363 2761 qui
392 2684 463 2743 alias
492 2684 639 2743 uberrime
661 2684 840 2742 adiectivum
860 2684 1110 2741 substantivomm
1127 2684 1200 2741 loco
1222 2692 1351 2759 usurpat,
1374 2702 1410 2741 ex

312 2782 419 2859 quibus
440 2782 553 2857 scriptis
574 2781 716 2839 nonnulla
746 2782 840 2838 modo
870 2780 982 2838 invenit
1003 2780 1141 2856 exempla
1161 2780 1217 2837 Th.
1242 2781 1371 2839 Panhoil
1378 2778 1409 2856 ¹).

312 2879 389 2955 Ergo
411 2897 429 2936 a
450 2878 544 2936 Plinio
565 2867 748 2936 accusativus
763 2878 976 2959 adiectivorum
996 2896 1060 2935 non
1081 2877 1136 2935 nisi
1157 2878 1410 2953 apraepositione

312 2978 487 3051 dependens
508 2985 665 3052 usurpatur
685 2976 875 3045 substantive,
907 2994 999 3052 quam
1022 2976 1142 3033 dicendi
1164 2972 1410 3033 consuetudinem

311 3074 370 3131 iam
391 3075 582 3133 observamus
605 3073 685 3149 apud
708 3073 892 3142 Ciceronem,
923 3074 1040 3149 saepius
1069 3073 1140 3131 inde
1161 3092 1179 3131 a
1200 3073 1297 3142 Livio,
1329 3073 1410 3130 cuius

312 3172 353 3249 rei
374 3172 403 3228 in
424 3172 616 3248 sequentibus
637 3170 709 3227 mihi
728 3170 814 3229 liceat
829 3171 969 3245 ascriptis
990 3169 1129 3228 Plinianis
1150 3171 1256 3227 afferre
1275 3170 1411 3243 exempla
1453 3183 1456 3190 ·

312 3268 351 3327 ita
381 3278 413 3325 ut
442 3287 626 3345 unoquoque
647 3270 722 3338 loco,
753 3276 901 3344 quatenus
922 3268 1194 3326 animadvertamus
1208 3285 1304 3323 ¹usum
1326 3267 1410 3325 Cice-

312 3368 467 3425 ronIanum
488 3368 535 3424 vel
549 3366 713 3437 Livianum,
736 3367 948 3425 demonstrem.
980 3366 1082 3424 Liceat
1096 3365 1228 3439 denique
1241 3364 1313 3420 mil-ri
1328 3383 1410 3420 com·

311 3482 476 3532 memorare
490 3464 636 3521 adiectiva
650 3463 800 3523 secundae
815 3463 1021 3522 declinationis
1035 3482 1053 3520 a
1068 3462 1164 3520 Plinio
1182 3480 1304 3538 quoque
1318 3461 1411 3517 multo

311 3562 428 3637 saepius
449 3561 624 3620 substantivi
653 3562 720 3620 loeo
750 3561 884 3637 usurpari
915 3579 1006 3637 quam
1033 3560 1136 3618 tertiae
1165 3578 1261 3635 aeque
1282 3567 1411 3634 atquea

311 3642 499 3734 Scriptoribus
523 3654 658 3728 classicis,
688 3667 720 3715 ut
749 3666 829 3716 recte
851 3656 1104 3733 Naegelsbachius
1134 3655 1280 3713 adiectiva
1309 3654 1412 3712 tertiae

312 3758 515 3816 declinationis
545 3758 727 3817 substantive
757 3758 855 3833 posita
883 3758 923 3815 ad
954 3757 1110 3815 audaciam
1141 3756 1258 3831 linguae
1288 3752 1412 3811 Latinae

312 3854 460 3912 rettulerit.
503 3855 548 3911 Ex
570 3855 720 3913 adiectivis
741 3855 892 3912 secundae
914 3853 1120 3911 declinationis
1140 3853 1215 3909 haec
1236 3851 1412 3909 substantivi

312 3952 376 4008 vice
397 3952 559 4027 funguntur
589 3952 669 4026 apud
693 3952 826 4020 Plinium,
858 3970 936 4027 quae
957 3950 1153 4009 Ciceroniano
1182 3949 1246 4005 usui
1274 3948 1413 4023 propiora

312 4059 380 4108 sunt
401 4050 560 4124 locumque
582 4048 761 4124 significant:

312 4328 333 4368 ν’
358 4349 364 4384 ,τ
389 4328 393 4338 ’
421 4334 446 4400 1)
465 4337 499 4387 cs;
516 4328 565 4385 Tli.
585 4328 724 4383 Panhoffii:
755 4333 795 4381 De
813 4334 925 4381 neutrius
944 4333 1041 4397 generis
1059 4330 1237 4379 adiectivorum
1256 4326 1413 4379 'substantivo

312 4439 359 4472 usu
376 4424 443 4491 apud
462 4424 584 4489 Tacitum,
604 4422 685 4497 Halae
708 4420 783 4483 1883.
1405 4423 1408 4429 ’
