3242 5209
762 404 939 465 ..53-

303 572 399 647 opibccs
420 572 506 628 cletus
521 576 695 648 tironicoc'clem
718 578 919 651 concupisceret,
951 596 1011 652 quo
1029 578 1095 633 loco
1114 586 1183 634 ante
1204 596 1248 634 ne
1278 577 1400 634 coniun-

303 668 433 725 ctionem
448 671 647 746 supplendum
658 680 702 729 est
717 674 840 729 verbum
862 673 986 731 timendi
1007 674 1209 749 impersonalis
1230 675 1344 731 formae
1366 693 1402 730 ex

303 768 492 824 antecedenti
513 768 667 843 personali.
712 770 803 827 Hunc
833 789 928 838 usum,
945 769 1044 846 'quem
1071 771 1205 829 videnus
1228 771 1309 845 apud
1331 770 1400 827 scri·
1480 814 1483 817 .

303 871 404 938 ptores
418 864 530 938 priores
545 884 643 923 rarum
657 867 753 935 sitisse,
776 868 949 926 adamatum
971 886 1036 926 esse
1057 867 1183 926 aPlinio
1205 868 1281 924 haec
1302 886 1404 924 exem·

303 959 353 1033 pla
374 960 511 1018 doceant.

412 1056 568 1115 Faciliores
590 1070 658 1117 sunt
679 1060 697 1116 ii
712 1061 775 1130 loci,
799 1062 905 1137 quibus
928 1063 1049 1118 verbum
1069 1060 1189 1117 dicendi
1203 1059 1406 1135 supplendum

304 1162 348 1209 est
369 1138 426 1211 alia
446 1154 548 1213 forma.
580 1157 615 1212 cl.
638 1156 668 1213 X
694 1174 743 1213 101
771 1160 872 1214 oc'ctccm
894 1159 977 1214 acient
999 1178 1119 1214 verterem
1135 1158 1211 1231 poti,
1243 1156 1277 1211 icl
1294 1155 1405 1229 quidem

304 1260 328 1306 et
349 1254 497 1308 coturnices
522 1254 624 1327 Trogns
654 1272 692 1311 se.
715 1255 754 1312 ait
785 1264 811 1311 et
826 1255 995 1330 gallinaceos
1016 1254 1181 1329 aliquando,
1211 1253 1259 1309 XI
1281 1251 1408 1327 opstent

304 1349 379 1421 qui.
403 1393 408 1404 .
432 1394 437 1405 .
453 1343 555 1424 pcctccit
575 1352 729 1407 reviviscere
750 1397 755 1407 .
780 1397 785 1408 .
808 1396 814 1407 .
843 1365 882 1425 70
909 1351 1041 1427 Vergilius
1061 1370 1099 1409 sc.
1121 1359 1207 1426 putat
1227 1352 1405 1406 cicoocncorccm

304 1456 412 1520 corpote
432 1448 607 1520 coanimato3
640 1461 676 1521 77
699 1448 838 1524 bombyces
858 1458 884 1503 et
913 1450 943 1505 c'n
970 1446 1024 1505 Coo
1053 1448 1146 1504 insule
1177 1448 1257 1504 nosci
1286 1446 1405 1502 tradun-

304 1550 376 1598 tur.
400 1587 405 1598 .
430 1588 435 1599 .
458 1545 527 1619 fieri
545 1552 636 1600 autem
653 1546 747 1619 potino
761 1545 922 1621 papiliones
935 1558 1042 1621 potitos
1063 1544 1202 1617 modosque
1223 1562 1261 1600 se.
1284 1543 1408 1599 tradunt

305 1638 354 1714 vel¹
372 1639 495 1696 traditur
502 1660 509 1713 ;
531 1641 601 1697 item
615 1641 678 1697 XII
694 1638 740 1715 62.
778 1642 844 1699 Alia
866 1643 956 1700 verba
977 1642 1022 1699 his
1044 1642 1114 1698 locis
1135 1640 1303 1715 supplenda
1323 1647 1406 1697 sunt:

306 1736 352 1792 IX
371 1750 425 1810 157
438 1739 550 1810 ferniicc
564 1740 652 1813 pc'scis
672 1739 758 1794 coitus
778 1748 895 1815 tempore
917 1759 1019 1795 marcere
1040 1739 1182 1813 seqccitccr.
1201 1781 1230 1793 ..
1251 1736 1301 1792 sub
1316 1746 1408 1811 portu

270 1878 272 1884 .
307 1852 395 1888 totores
407 1835 548 1907 fictitium
569 1834 697 1891 similiter
725 1853 764 1893 sc.
786 1844 963 1911 sequuntur;
999 1833 1053 1892 166
1079 1834 1201 1902 erythini
1228 1842 1254 1889 et
1280 1833 1409 1888 channae

307 1928 401 1985 volnus
422 1930 519 1987 labere
539 1931 697 1997 truduntur,
729 1934 781 2006 qccc'
808 1934 913 1989 trochos
932 1931 1089 2007 appellatur
1107 1950 1125 1987 a
1150 1929 1273 1997 Graecos,
1305 1930 1409 2004 ipsese

306 2028 377 2082 corte
397 2046 436 2083 sc.
457 2028 593 2100 traditur:
625 2028 654 2083 X
676 2026 714 2084 86
737 2028 944 2106 rnelocccomplci
969 2042 1110 2093 uocantur,
1141 2026 1192 2082 secl
1217 2034 1243 2081 et
1271 2025 1408 2088 erithacus

306 2123 393 2179 lic'eoce
413 2124 484 2179 colem
500 2125 685 2199 phoenicurus
705 2135 806 2183 aestate
827 2146 865 2185 sc.
888 2134 1017 2193 vocatur,
1050 2143 1129 2201 quae
1150 2123 1288 2198 exempla
1308 2121 1408 2179 multis

306 2219 368 2277 aliis
389 2220 488 2296 augeri
511 2230 643 2296 possunt.

308 2610 339 2686 b)
367 2630 408 2668 ex
430 2612 622 2669 enuntiato
644 2612 815 2685 primario
836 2612 872 2667 in
893 2613 1117 2669 enuntiatum
1139 2609 1408 2668 secundarium.

415 2783 480 2839 lani
502 2783 632 2857 sequitur
653 2784 733 2840 aliud
754 2803 846 2859 genus
868 2786 1024 2842 verborum
1039 2784 1213 2852 omissionis,
1236 2784 1319 2839 cuius
1341 2782 1408 2858 qui-

307 2882 377 2937 dem
399 2899 582 2957 quamquam
612 2900 674 2938 non
695 2890 739 2939 tot
760 2882 857 2939 afferri
878 2892 1001 2958 possunt
1031 2866 1168 2957 enempla
1199 2890 1273 2957 quot
1293 2880 1409 2955 prioris

308 2985 410 3033 tamen
432 2978 581 3052 quaedam
602 2978 676 3035 mira
704 2986 794 3054 atque
822 2978 939 3035 insolita
960 2978 1226 3035 commemoranda
1249 2976 1322 3033 mihi
1344 2994 1411 3033 esse

308 3073 451 3131 existimo.
494 3074 598 3149 Agitur
628 3076 707 3133 enim
735 3094 817 3133 nunc
838 3077 876 3133 de
902 3076 1067 3152 enuntiatis,
1099 3094 1177 3152 quae
1207 3092 1269 3131 non
1301 3074 1411 3130 eadem

308 3170 422 3228 ratione
442 3172 634 3245 grammatica
654 3181 784 3242 utuntur,
806 3174 958 3248 inquibus
979 3175 1101 3230 verbum
1122 3172 1238 3229 linitum
1261 3189 1299 3227 ex
1314 3188 1410 3227 enun-

308 3267 380 3324 tiato
401 3268 541 3342 primario
562 3269 714 3344 suppletur
735 3270 766 3325 in
788 3270 973 3327 enuntiatum
994 3269 1210 3337 secundarium,
1237 3276 1329 3342 atque
1349 3266 1410 3341 pri-

308 3382 391 3443 mum
413 3365 536 3439 quidem
557 3366 747 3423 adiciendum
769 3374 814 3423 est
835 3367 957 3423 verbum

699 3714 727 3793 α)
750 3717 874 3773 eadem
896 3716 1016 3773 forma.

418 3870 477 3935 Sed
498 3879 671 3954 priusquam
692 3878 841 3937 Plinianos
863 3898 1034 3937 enumerem
1056 3879 1145 3947 locos,
1168 3880 1254 3937 liceat
1276 3880 1357 3948 mihi,
1380 3888 1414 3936 ut

311 3974 391 4031 hunc
412 3975 532 4031 dicendi
554 3976 688 4033 ordinem
709 3995 769 4033 non
792 3996 810 4033 a
832 3976 926 4033 Plinio
955 3977 1081 4034 exordiri
1111 3976 1233 4045 eluceat,
1264 3978 1414 4034 adnotare

310 4069 454 4125 nonnulla
475 4070 537 4126 eius
551 4072 665 4145 generis
681 4072 817 4145 exempla
837 4090 854 4128 e
869 4072 1019 4129 Ciceronis
1039 4071 1153 4145 scriptis
1168 4072 1299 4128 collecta.
1330 4070 1413 4128 Nam

312 4166 335 4223 si
357 4165 479 4240 legimus
494 4168 576 4239 apud
590 4167 764 4223 Ciceronem
786 4168 816 4222 in
837 4176 897 4241 top.
935 4165 980 4235 zo,
1002 4167 1040 4242 98
1062 4169 1114 4241 qni
1131 4168 1173 4223 ad
1183 4168 1412 4243 persuadendum

312 4260 367 4317 loci
386 4264 509 4317 momine
531 4262 648 4330 ooleont,
676 4262 777 4318 dcetccm
800 4272 838 4318 cst
858 4263 887 4318 in
909 4264 951 4331 iis,
980 4264 1010 4319 in
1032 4264 1131 4338 quibus
1152 4264 1185 4319 de
1205 4265 1286 4320 omni
1304 4265 1415 4320 ratione

314 4358 426 4413 dicendi
443 4376 481 4415 sc.
505 4360 616 4415 dictum
638 4368 691 4424 est,
716 4359 760 4415 vel
783 4361 864 4432 apud
880 4359 1037 4416 Horatium
1059 4360 1089 4415 in
1111 4378 1198 4417 carm.
1223 4361 1316 4434 1113,
1338 4376 1349 4417 1
1368 4380 1413 4437 sq.
