3242 5209
672 446 846 498 ..27-

207 609 320 685 scriptis
341 608 480 666 Plinianis
501 608 547 665 his
568 608 643 666 clare
674 608 770 665 elucet
799 606 952 682 exemplis,
983 607 1013 663 in
1043 606 1150 682 quibus
1177 607 1305 682 primum

207 706 338 783 quidem,
359 714 392 763 ut
413 724 499 764 usum
521 705 749 765 Ciceronianum
781 704 909 781 primum
936 688 1158 773 constituamus
1187 703 1306 762 additur

208 804 382 862 adverbium

207 915 323 964 statim:
351 900 432 958 XIII
455 900 492 959 26
512 902 562 958 sed
578 902 672 958 statim
693 910 902 958 evanescentem.

314 997 433 1055 Deinde
454 997 645 1073 insequantur
666 1017 701 1056 ea
722 999 867 1075 exempla,
893 1000 924 1055 in
946 999 1052 1075 quibus
1077 1016 1160 1055 more
1182 998 1305 1055 Liviano

206 1093 331 1151 adicitur
351 1093 525 1152 adverbium

205 1204 364 1267 paulatim:
395 1190 532 1248 XXXVI
554 1190 593 1267 96
607 1191 751 1267 paulatim
773 1192 940 1249 exinaniens
961 1193 1050 1261 imos;
1080 1191 1236 1249 XXXVII
1266 1205 1305 1266 70

239 1287 384 1361 paulatim
407 1288 547 1345 numilitate
567 1290 703 1359 evanida·
724 1289 757 1346 ΙΙ
780 1289 837 1346 228
860 1310 928 1346 mox
941 1289 1084 1366 paulatim
1106 1299 1243 1365 tepescens.

314 1384 433 1442 Praeter
453 1385 529 1443 haec
556 1385 696 1443 adverbia
726 1394 844 1461 tempus
871 1386 1066 1462 significantia
1095 1386 1152 1443 alia
1183 1403 1305 1461 quoque

205 1480 364 1556 participiis
385 1480 584 1557 adiunguntur
605 1482 798 1540 directionem
820 1484 957 1560 aliquam,
988 1483 1069 1541 unde
1090 1482 1201 1559 aliquid
1216 1482 1305 1553 venit,

206 1588 305 1654 atque,
327 1595 404 1653 quae
425 1578 600 1653 significatio
628 1579 698 1637 inde
724 1580 864 1639 translata
894 1589 947 1650 est,
978 1598 1100 1638 causam
1121 1579 1243 1638 alicuius
1264 1580 1305 1638 rei

205 1674 386 1733 illustrantia.
431 1674 532 1748 Quam
562 1675 653 1734 libere
683 1686 814 1735 versatus
845 1678 882 1735 sit
912 1677 1022 1736 Plinius
1051 1677 1157 1735 iterum
1188 1676 1304 1733 Livium

206 1780 324 1830 secutus
344 1771 375 1828 in
396 1772 455 1829 hoc
484 1772 603 1830 dicendi
630 1792 746 1850 genere,
775 1774 820 1833 his
848 1776 1067 1833 demonstretur
1095 1774 1245 1850 exemplis,
1274 1774 1305 1831 in

207 1868 313 1951 quibus
335 1868 501 1926 adiciuntur
522 1870 677 1928 adverbia:

207 1980 290 2029 hinc:
316 1965 347 2023 II
369 1981 386 2039 3
409 1967 561 2023 occasiones
585 1967 651 2024 hinc
677 1977 788 2043 sumpte
809 1980 859 2025 aut
880 1969 925 2025 bis
945 1969 1035 2037 dota,·
1062 1968 1110 2026 III
1133 1984 1150 2041 3
1172 1967 1238 2024 binc
1259 1969 1304 2025 in-

247 2064 338 2121 tranti
354 2064 467 2122 dextera
487 2065 586 2140 Afh'ca
606 2075 658 2135 est,·
679 2065 740 2124 VII
757 2082 814 2123 212
837 2068 895 2124 cum
916 2068 982 2124 binc
1002 2067 1109 2124 rotrone
1129 2066 1263 2124 accedens.

207 2176 289 2227 inde:
312 2160 407 2218 XXX
431 2176 465 2237 15
488 2163 552 2219 inde
573 2163 732 2221 nominibus
753 2164 895 2233 inuentis,·
926 2163 964 2239 89
984 2164 1099 2221 salonis
1119 2164 1184 2220 inde
1203 2164 1304 2232 dictcs,·

248 2259 296 2316 III
321 2274 376 2333 134
397 2258 462 2315 inde
482 2268 567 2316 tracto
589 2260 711 2333 nomine;
743 2260 771 2317 V
794 2276 831 2335 53
860 2260 925 2317 inde
944 2261 1072 2335 Afn'cum
1098 2261 1134 2317 ab
1154 2260 1303 2335 Aethiopia

248 2356 418 2430 desposcens;
440 2354 501 2412 VII
527 2372 581 2428 144
603 2357 682 2412 bouis
702 2357 766 2413 inde
786 2358 870 2414 etiam
891 2358 1058 2415 consecratis,

206 2466 345 2517 subinde:
373 2452 528 2510 XXXVII
543 2451 597 2527 136
607 2453 723 2510 subinde
740 2463 853 2511 mutans
866 2474 1022 2531 magnoque
1032 2456 1164 2511 uanetote
1177 2454 1303 2511 admiro-

247 2548 346 2605 tionem
360 2550 408 2605 sni
423 2568 547 2624 ungens,·
573 2548 627 2607 186
641 2550 757 2607 subinde
771 2551 883 2608 uenatu
902 2552 1097 2627 dispositione·
1117 2550 1242 2608 XXXII
1265 2565 1303 2625 45

247 2664 318 2701 mero
347 2645 463 2702 subinde
491 2646 589 2703 bansto
624 2648 683 2716 ctu·
719 2648 755 2721 78
786 2647 902 2705 subinde
927 2660 1027 2724 spuma
1051 2648 1152 2724 pinnis
1182 2648 1304 2719 detersas

246 2742 317 2801 item
338 2743 370 2801 II
396 2759 466 2815 1043
489 2742 559 2817 246;
582 2744 659 2801 VIII
685 2759 747 2818 117.

314 2840 371 2898 His
393 2841 534 2916 exemplis
556 2841 704 2900 addantur
724 2842 869 2900 nonnulla
890 2844 946 2900 alia
967 2843 1120 2919 participia
1141 2861 1209 2899 cum
1231 2861 1303 2899 con-

205 2938 403 2995 iunctionibus
424 2938 638 3014 significatione
668 2939 789 2996 relativa
810 2940 857 2997 vel
886 2941 998 2997 modali
1028 2939 1195 3008 coniuncta,
1225 2958 1303 3015 quae

206 3035 315 3093 eodem
335 3035 428 3091 modo
449 3053 484 3092 ac
498 3035 595 3110 priora
609 3054 674 3092 raro
688 3036 877 3092 inveniuntur
892 3038 973 3112 apud
987 3036 1142 3111 scriptores
1157 3036 1302 3106 classicos,

206 3132 257 3209 qui
284 3131 428 3200 dicuntur,
458 3150 556 3207 eoque
585 3132 701 3207 saepius
730 3132 816 3199 nobis
837 3151 870 3190 se
890 3133 1034 3208 praebent
1062 3133 1226 3208 inscriptis
1247 3152 1302 3209 po-

206 3230 360 3287 steriorum
390 3229 571 3304 scriptorum,
603 3247 663 3305 quo
685 3229 776 3305 magis
799 3229 929 3287 Romani
950 3230 980 3286 in
1001 3229 1102 3287 litteris
1132 3238 1162 3287 et
1192 3230 1303 3288 artibus

206 3326 309 3384 imitati
324 3334 392 3383 sunt
406 3325 555 3399 Graecos;
571 3345 696 3401 quarum
710 3327 953 3384 coniunctionum
962 3328 993 3384 in
1007 3327 1086 3385 libris
1101 3327 1303 3385 Ciceronianis

206 3423 347 3498 reperitur
360 3423 531 3497 quumvis,
553 3441 644 3498 quam
658 3441 755 3498 aeque
772 3424 871 3498 posuit
881 3432 951 3481 ante
965 3423 1124 3482 ablativum
1134 3423 1302 3481 absolutum

205 3530 303 3596 atque,
330 3520 443 3577 utiam
464 3538 552 3595 supra
573 3520 812 3589 commemoravi,
841 3529 911 3578 aute
931 3520 1083 3579 adiectiva.
1113 3520 1148 3578 ci.
1171 3522 1210 3578 ad
1232 3521 1301 3579 iam.

207 3632 232 3691 7,
254 3632 280 3690 3,
303 3615 322 3673 6
343 3617 395 3691 qni
411 3617 440 3673 si
458 3636 499 3672 me
523 3616 671 3685 audissent,
700 3618 829 3691 quamuis
859 3618 958 3692 iniquo
976 3628 1048 3692 poce
1077 3617 1184 3673 honeste
1208 3626 1301 3675 tumen

206 3715 333 3784 uiuerent,
365 3732 425 3791 quo
447 3714 513 3771 loco
534 3732 579 3772 res
610 3733 646 3772 eo
667 3715 764 3772 minus
785 3715 876 3772 habet
902 3714 1083 3782 offensionis,
1115 3714 1198 3789 quod
1219 3714 1301 3772 verbi

205 3811 324 3869 ablativi
345 3810 471 3869 absoluti
491 3810 555 3869 vice
576 3818 671 3869 exstat
691 3811 878 3869 adiectivum.
921 3811 1060 3869 Ceterum
1081 3828 1181 3886 neque
1202 3810 1301 3870 Livius

205 3926 303 3984 neque
325 3906 434 3964 Plinius
455 3916 690 3983 propagaverunt
711 3908 798 3965 huius
820 3908 1035 3965 coniunctionis
1050 3924 1144 3965 usum.
1180 3907 1216 3964 ci.
1227 3906 1301 3963 Livii

210 4022 232 4074 1,
254 4015 368 4080 4posse
392 4004 520 4077 quamuis
544 4003 681 4079 longuida
712 4005 800 4079 mergi
822 4024 897 4079 aqna
927 4004 1056 4079 infantes,
1087 4004 1133 4062 vel
1162 4004 1247 4061 Plinii
1268 4004 1300 4061 II

209 4099 260 4157 181
285 4100 414 4175 quamuis
434 4101 590 4159 brevissimo
618 4102 681 4171 die,·
712 4102 773 4159 VII
795 4116 834 4175 54
864 4102 993 4177 quamuis
1013 4101 1070 4159 leui
1089 4101 1191 4159 iniectu
1211 4110 1300 4176 operto

206 4198 299 4273 cupite,
331 4198 472 4274 quoniam
492 4199 538 4257 his
568 4218 690 4276 quoque
719 4199 791 4257 locis
819 4198 988 4258 coniunctio
1019 4198 1177 4275 quamuis
1204 4205 1300 4256 exstat

205 4302 275 4353 aute
295 4294 480 4353 adiectivum.

312 4393 420 4452 Itidem
449 4396 619 4454 excusanda
657 4403 702 4453 est
731 4393 901 4453 coniunctio
929 4414 1138 4471 quamquam
1167 4393 1298 4452 semela
