3242 5209
715 406 890 445 -12..

251 564 297 620 IX
321 564 373 639 78:
395 566 445 622 hoc
461 584 548 640 genus
567 564 663 634 salum,
686 578 716 621 ut
736 586 778 630 ea,
808 586 877 641 quaa
898 574 950 621 cete
969 565 1117 640 appellant,
1144 565 1259 621 animal
1269 566 1351 641 parit

251 670 370 736 excepta,
393 681 477 735 quam
500 680 600 718 ranam
623 672 735 731 uocant,·
758 681 848 737 quem
862 682 948 721 usum
969 671 1165 739 propagatum
1183 662 1350 720 invenimus

251 758 322 816 inde
343 758 466 816 aLivio.
489 760 524 816 cf.
548 774 594 833 31,
617 773 662 833 37,
690 776 719 816 1:
742 769 817 835 terga
831 760 969 831 dantibus,
991 762 1043 835 qui
1061 760 1140 817 modo
1157 760 1245 817 secuti
1262 769 1348 817 eruut.

252 855 325 913 Aliis
345 856 417 913 locis
445 874 482 913 ex
510 857 755 914 antecedentibus
777 858 873 914 verbis
894 858 1096 933 supplendum
1117 865 1161 915 est
1181 875 1349 932 pronomen

247 952 531 1025 vdemonstrativum3
560 953 732 1028 priusquam
758 962 857 1011 autem
879 954 934 1011 hos
955 973 1126 1011 enumerem
1151 953 1241 1021 locos
1263 952 1351 1010 liceat

252 1048 324 1106 mihi
352 1049 382 1105 in
410 1050 585 1107 memoriam
615 1068 753 1108 revocare
781 1050 861 1129 illum
890 1052 988 1108 locum
1016 1051 1047 1107 X
1076 1068 1121 1119 22,
1150 1049 1201 1107 ubi
1228 1050 1349 1126 legitur:

253 1146 345 1221 itaque
364 1154 390 1201 ct
409 1144 550 1203 culumbae
571 1144 667 1203 nouere
687 1168 723 1203 ex
745 1148 779 1203 iis
801 1146 830 1224 (i.
853 1167 877 1205 e.
900 1146 1097 1224 accipitribus)
1112 1146 1247 1223 paucula,
1277 1147 1369 1204 nisa·¹

253 1264 303 1319 que
325 1243 375 1320 (sc.
398 1264 443 1311 e0,
466 1245 482 1301 i.
506 1264 530 1301 e.
546 1242 697 1322 accipitre)
720 1246 880 1314 considunt·
902 1265 971 1321 ergo
986 1246 1126 1303 hocloco
1150 1245 1350 1320 supplendum

253 1351 297 1400 est
327 1360 494 1416 pronomen
532 1342 797 1400 demonstrativum
826 1343 978 1417 singularis
1013 1342 1135 1412 numeri,
1166 1360 1350 1418 quamquam

253 1439 403 1496 antecedit
424 1447 453 1497 et
474 1438 690 1496 substantivum
711 1440 808 1515 ipsum
831 1448 860 1496 et
890 1458 1055 1514 pronomen
1086 1459 1140 1515 pro
1162 1458 1199 1496 eo
1220 1440 1350 1514 positum

253 1534 357 1610 plurali
378 1552 510 1603 numer0,
542 1553 601 1610 qua
631 1537 670 1593 de
698 1554 787 1593 causa
809 1536 868 1593 hoc
889 1535 1058 1610 exemplum
1084 1536 1216 1593 medium
1237 1536 1351 1592 obtinet

253 1631 352 1689 locum
373 1632 448 1689 inter
469 1650 513 1700 ea,
535 1631 564 1687 in
587 1632 694 1707 quibus
716 1634 940 1702 substantivum,
971 1642 1001 1690 et
1021 1634 1097 1690 Inter
1118 1652 1161 1701 ea,
1192 1633 1222 1688 in
1244 1632 1351 1708 quibus

253 1746 421 1803 pronomen
443 1726 591 1783 omittitur.
623 1728 767 1785 Conferas
789 1729 876 1787 velim
897 1748 965 1785 cum
987 1729 1044 1786 hoc
1065 1728 1131 1786 loco
1152 1729 1232 1785 illum
1254 1728 1351 1785 Livia-

253 1842 325 1881 num
347 1842 374 1897 4,
397 1822 443 1896 oo,
470 1839 479 1880 1
496 1824 652 1897 fatentibus
674 1824 724 1903 (sc.
740 1823 794 1903 iis),
817 1844 884 1882 cum
905 1827 1061 1883 antecedat
1081 1826 1176 1899 plebe,
1199 1825 1249 1901 qui
1269 1826 1352 1883 locus

254 1921 323 1978 ideo
345 1921 442 1986 minus
463 1920 592 1978 insolens
614 1931 657 1979 est
672 1940 763 1996 quarn
786 1922 943 1991 Plinianus‚
967 1922 1049 1997 quod
1070 1930 1103 1978 ut
1124 1922 1179 1991 hic,
1200 1922 1241 1979 ita
1261 1940 1352 1997 saepe

254 2018 396 2093 imprimis
418 2018 498 2091 apud
520 2018 644 2087 Livium,
666 2028 698 2075 ut
719 2018 778 2075 iam
799 2038 888 2093 supra
902 2020 1036 2089 vidimus,
1059 2019 1242 2077 collectivum
1263 2038 1351 2076 voca·

254 2116 357 2171 bulum
378 2114 530 2190 singularis
544 2115 659 2172 numeri
674 2116 804 2191 sequitur
818 2116 943 2190 pluralis.
987 2117 1044 2173 His
1058 2117 1257 2192 adiunguntur
1278 2117 1353 2174 aliae

255 2210 429 2269 omissiones
450 2211 634 2285 pronominis
650 2212 802 2280 faciliores
825 2212 904 2268 velut
917 2213 1058 2287 scriptum
1073 2212 1206 2269 videmus
1220 2213 1250 2268 in
1266 2194 1351 2280 Caes.

256 2310 283 2365 b.
305 2328 330 2385 g.
354 2308 398 2364 IV
424 2324 456 2363 12
480 2327 574 2363 rursus
594 2308 777 2364 resistentibus
798 2306 850 2385 (sc.
872 2307 990 2383 nostris)
1021 2310 1214 2365 consuetudine
1242 2329 1294 2365 sua
1315 2309 1357 2365 ad

249 2404 333 2480 pedes
348 2404 522 2469 desiluerunt,
540 2423 607 2461 cum
622 2405 784 2461 antecedit:
801 2405 877 2461 nzlrrl
887 2405 1046 2461 timentibus
1060 2406 1173 2474 nostrus·
1195 2406 1241 2461 vel
1255 2406 1352 2480 plures

104 2518 106 2525 ’
169 2559 170 2563 ,
255 2503 312 2561 loci
334 2502 455 2579 Liviani.
506 2502 592 2558 Haec
613 2504 769 2577 praelatuS,
793 2511 833 2571 ut,
856 2512 1001 2577 quatenus
1023 2501 1133 2559 Plinius
1154 2502 1212 2559 hoc
1233 2502 1352 2559 dicendi

255 2618 364 2675 genere
393 2606 497 2667 utatur,
527 2600 739 2669 demonstrem,
769 2619 805 2657 ex
833 2600 908 2656 illius
938 2600 1047 2675 scripto
1078 2599 1215 2673 exempla
1242 2599 1352 2655 addam

256 2696 338 2764 haec,
361 2695 391 2751 in
413 2696 519 2770 quibus
550 2695 692 2753 ablativus
720 2715 757 2753 ex
787 2696 976 2753 antecedenti
998 2695 1144 2753 vocabulo
1170 2695 1353 2769 supplendus

257 2801 315 2850 est:
338 2792 367 2847 X
391 2806 406 2865 7
410 2806 427 2866 5
457 2812 504 2847 uec
535 2792 607 2848 rcrrde
632 2795 747 2849 venrant
766 2814 872 2867 quaque
892 2793 994 2848 abeant
1013 2802 1185 2867 compertum,
1209 2811 1353 2864 nunqnam

256 2888 401 2963 conspectis
422 2885 472 2964 (sc.
494 2888 536 2956 iis,
558 2888 574 2943 i.
591 2908 614 2945 e.
631 2886 745 2965 avibus)
769 2890 827 2945 nisi
844 2909 905 2944 cum
921 2888 1063 2963 praesulta
1084 2908 1178 2944 earum
1200 2887 1353 2961 indiguum·

256 2986 287 3041 X
309 3000 359 3058 173
385 2994 456 3041 stato
487 2986 520 3041 id
537 2995 653 3061 ternpore
673 2986 769 3051 cuenr't,
803 2986 935 3042 cientibus
965 2982 1016 3061 (sc.
1045 2985 1087 3052 iis,
1115 2985 1132 3041 i.
1158 3002 1183 3040 e.
1212 2981 1353 3059 maribus)

257 3083 299 3139 nd
316 3082 416 3138 car'lrrm
429 3082 569 3156 feminus,·
600 3106 645 3154 199
667 3082 735 3156 quia
756 3081 853 3156 repleta
874 3080 924 3153 (sc.
948 3100 992 3149 eo,
1014 3081 1031 3136 i.
1054 3097 1078 3137 e.
1102 3077 1270 3155 stomacho)
1285 3089 1354 3153 prn-

250 3190 316 3257 pter
334 3180 479 3253 angustius
498 3179 684 3253 supprimitur
701 3178 791 3246 cibus·
824 3192 881 3250 205
903 3186 929 3232 et
943 3188 998 3251 per
1017 3176 1113 3233 volnus
1133 3160 1354 3251 etram'cxcmpto

259 3276 309 3355 (sc.
333 3295 376 3343 ee,
398 3276 415 3331 i.
438 3294 462 3331 e.
482 3272 574 3348 liene)
598 3274 686 3329 ur‘ucre
706 3272 846 3329 animalia
864 3272 994 3341 tradunt·
1017 3288 1075 3329 220
1089 3274 1275 3346 praecisisqru
1296 3270 1353 3347 (ar-

259 3370 348 3446 teriis)
371 3372 495 3447 torpescit
514 3380 623 3429 tantum
638 3381 710 3445 pars
730 3390 762 3425 ca
783 3370 915 3443 corporis,·
950 3369 1029 3426 XIII
1052 3385 1090 3443 39
1120 3368 1208 3425 dulcis
1235 3368 1355 3424 medulla

259 3490 353 3527 aarum
376 3468 405 3524 in
427 3468 576 3531 cacumine,
605 3466 681 3540 quod
697 3466 832 3525 cerebrum
854 3464 1001 3541 appellant,
1029 3475 1208 3540 exemptaque
1235 3466 1354 3533 uz‘uunt,·
1410 3465 1414 3469 ’

260 3561 352 3621 XVII
375 3580 408 3637 51
435 3564 594 3620 natantium
622 3562 721 3619 alitum
750 3563 883 3619 damnato
905 3560 1018 3638 (fim0);
1045 3562 1139 3618 XXII
1168 3560 1206 3636 65
1229 3559 1353 3637 perdices
1384 3592 1407 3608 ··

260 3672 285 3719 el
301 3661 467 3737 gallinacios
482 3661 662 3734 puguatiores
673 3660 747 3732 fieri
757 3668 865 3733 putant
884 3660 913 3715 in
942 3660 1032 3715 cibum
1053 3678 1145 3715 aarum
1176 3659 1281 3714 additis
1303 3656 1353 3735 (sc.
1421 3682 1424 3687 ’

262 3758 379 3815 ramulis
407 3757 451 3813 vel
472 3756 547 3812 foliis
572 3752 763 3831 adiantanis);
792 3755 916 3811 XXXII
947 3769 980 3829 51
1006 3756 1079 3812 mira
1100 3756 1132 3811 dc
1153 3756 1188 3812 iis
1209 3755 1237 3832 (i.
1261 3774 1284 3812 e.
1307 3774 1354 3810 ru·

262 3855 350 3931 betis)
372 3855 493 3910 certatim
515 3852 632 3909 trudunt
650 3853 782 3909 aciutaret:
814 3852 911 3915 inlatis
931 3855 961 3909 in
975 3853 1112 3929 populum
1133 3852 1272 3909 silentium
1284 3849 1358 3923 sieri

264 3952 314 4027 (sc.
336 3947 466 4026 rubetis).

371 4046 442 4103 Aliis
464 4045 534 4102 locis
556 4046 667 4102 maiore
689 4046 750 4102 iure
772 4046 887 4103 dativus
908 4064 993 4103 casus
1014 4047 1186 4103 statuendus
1214 4052 1258 4100 est
1277 4040 1356 4096 velut

264 4141 310 4199 XI
335 4143 390 4199 218
413 4161 460 4197 uec
479 4142 512 4197 ti
531 4138 636 4217 (nervi)
658 4140 816 4196 solidantur
833 4142 921 4209 incisi,
944 4143 1097 4221 mirumque
1111 4140 1261 4197 ncrlncratis
1280 4155 1356 4192 surn-

267 4259 327 4295 mus
348 4238 430 4306 dolor,
447 4240 593 4313 praesectis
615 4238 720 4307 utullus,¹
742 4251 779 4311 47
802 4238 959 4293 hominibus
979 4238 1033 4294 lati
1052 4237 1175 4315 (ungues
1190 4230 1269 4311 sunt)
1294 4279 1299 4289 .
1322 4278 1328 4289 .
1352 4277 1357 4288 .

266 4345 292 4397 ct
311 4335 434 4409 dafrrncta
455 4344 581 4403 crescunt,
604 4334 653 4391 ubi
675 4353 711 4391 eo
725 4334 817 4413 magis
832 4334 963 4393 dativum
978 4334 1138 4402 maluerim,
1160 4352 1222 4411 quo
1241 4330 1360 4407 saepius
