3242 5209
487 1100 572 1185 IV.·
604 1104 675 1185 De
708 1100 978 1186 verborum·
992 1076 1263 1189 omissione

434 1313 495 1371 Sed
515 1315 693 1374 accedamus
713 1334 794 1374 nunc
820 1318 860 1375 ad
881 1318 1038 1375 verborum
1068 1316 1267 1385 omissionem,
1298 1315 1337 1372 de
1366 1331 1427 1390 qua

328 1410 438 1469 scilicet
457 1411 516 1470 iam
531 1413 732 1471 disseruerunt
746 1414 792 1472 alii
807 1414 861 1471 viri
875 1413 1074 1493 doctissimi1).
1117 1415 1259 1473 Attamen
1280 1414 1304 1472 si
1324 1415 1427 1471 denuo
1519 1427 1535 1451 ·

328 1506 406 1567 hanc
436 1527 498 1567 rem
525 1518 754 1585 pertractaturus
782 1530 856 1581 sum,
887 1530 951 1569 non
980 1530 1043 1570 rem
1073 1520 1170 1570 actam
1200 1529 1287 1588 agere
1313 1510 1427 1579 videor,

330 1604 502 1679 praesertim
525 1624 594 1663 cum
620 1606 659 1663 illi
682 1605 784 1685 (Muel.
807 1606 914 1665 Grasb.
937 1604 1053 1685 Mayh.)
1084 1607 1181 1666 minus
1202 1606 1346 1665 subtiliter
1366 1605 1427 1664 dis·

327 1701 466 1759 tinxerint
489 1701 605 1778 singula
625 1704 730 1778 capita,
746 1704 914 1780 Draegerus
928 1713 1028 1763 autem
1043 1722 1226 1780 quamquam
1246 1722 1300 1779 per
1319 1703 1428 1761 multas

327 1799 449 1875 paginas
479 1799 621 1875 plurimos
651 1800 806 1877 scriptores
828 1801 984 1859 Romanos
1011 1801 1043 1857 iu
1073 1802 1279 1877 quaestionem
1308 1808 1428 1859 revocat

326 1896 590 1973 subtilissimasque
620 1898 691 1955 iacit
719 1896 933 1967 distinctiones,
965 1906 1067 1955 tamen
1093 1916 1130 1955 ex
1152 1896 1292 1955 Plinianis
1312 1896 1427 1973 scriptis

328 1994 420 2051 modo
450 2012 544 2051 unum
574 1993 621 2052 vel
651 1993 775 2052 alterum
806 1994 911 2053 afferat
946 1981 1124 2070 exemplum.
1181 1994 1273 2052 Estne
1303 1995 1427 2052 taudem

329 2090 439 2149 Plinius
468 2110 530 2150 non
558 2093 802 2151 adnumerandus
831 2093 957 2151 testibus
987 2092 1129 2150 orationis
1149 2092 1312 2169 prosaicae,
1342 2090 1427 2148 utin

328 2206 484 2265 progressu
504 2189 686 2265 historiaque
700 2190 818 2265 linguae
832 2189 957 2248 Latinae
971 2198 1033 2246 non
1047 2188 1181 2247 obtineat
1200 2207 1287 2247 suum
1307 2188 1427 2247 locum?

329 2284 382 2343 Est
395 2304 483 2361 sane;
514 2302 585 2345 nam
616 2286 718 2344 omnia
747 2287 856 2362 scripta
876 2286 983 2345 Iatina
1013 2305 1112 2362 neque
1134 2305 1203 2344 vero
1233 2287 1330 2343 minus
1351 2303 1428 2361 opus

328 2383 469 2441 naturalis
489 2382 628 2442 historiae
650 2384 858 2442 observatione
879 2384 971 2460 digna
991 2391 1021 2441 et
1041 2402 1061 2442 a
1080 2383 1175 2453 nobis,
1203 2383 1227 2441 si
1247 2383 1336 2459 plene
1357 2400 1427 2458 pro-

327 2480 458 2556 positum
485 2490 619 2539 nostrum
646 2489 770 2547 tractare
796 2481 942 2550 volumus
973 2482 1185 2557 perscrutanda
1215 2490 1284 2539 sunt
1291 2501 1299 2555 3
1337 2488 1428 2555 atque

326 2578 401 2635 haec
431 2578 683 2654 disputatiuncula
712 2579 792 2637 illam
823 2579 979 2655 syntaxim,
1022 2597 1101 2655 quae
1140 2587 1269 2649 vocatur,
1309 2576 1427 2654 linguae

328 2675 452 2734 Latinae
472 2696 491 2735 a
512 2677 664 2755 Draegero
691 2677 830 2754 scriptam
859 2678 957 2735 multis
990 2696 1027 2735 ex
1048 2676 1133 2734 Plinii
1163 2677 1277 2754 scriptis
1298 2676 1427 2749 coliectis

328 2774 471 2851 exemplis
492 2775 590 2851 augeri
611 2793 700 2852 posse
721 2774 944 2847 demonstrabit.

434 2873 494 2930 Sed
515 2874 713 2948 procedamus
745 2874 785 2931 ad
814 2873 1001 2951 propositum
1020 2880 1156 2931 nostrum
1186 2880 1278 2948 atque
1299 2868 1444 2948 primum
1523 2897 1527 2901 ·

328 2969 451 3044 quidem
472 2971 511 3027 ad
539 2988 575 3028 ea
602 2971 700 3040 verba,
732 2988 810 3048 quae
840 2970 871 3027 in
900 2970 1037 3028 brevibus
1067 2969 1226 3027 enuntiatis
1255 2968 1428 3026 omittuntur

328 3086 427 3143 neque
448 3068 505 3128 alia
526 3068 584 3125 ulla
605 3068 735 3126 dictione
756 3068 930 3127 indicantur.

484 3426 758 3501 risupplendae
784 3430 866 3487 sunt
889 3425 1028 3486 formae
1052 3423 1153 3485 verbi
1179 3440 1267 3486 esse.

435 3601 483 3659 De
504 3602 595 3659 verbo
617 3619 682 3659 esse
696 3600 867 3677 simpliciter
881 3601 992 3659 omisso
1007 3601 1065 3658 hoc
1079 3600 1145 3659 loco
1167 3619 1253 3677 agere
1274 3600 1304 3658 in
1325 3602 1427 3659 auimo

328 3716 390 3757 non
404 3699 510 3767 habe0,
527 3716 595 3755 cum
610 3698 688 3755 hanc
701 3717 765 3756 rem
779 3698 838 3756 iam
853 3698 937 3755 multi
951 3697 1004 3754 viri
1018 3698 1180 3756 doctissimi
1196 3697 1427 3777 tractaverint2);

328 3797 386 3854 hoc
407 3805 522 3855 tantum
549 3797 679 3855 dicturus
709 3815 783 3866 sum,
816 3798 898 3873 quod
920 3796 1043 3873 quidem
1073 3796 1201 3854 maxime
1222 3796 1259 3853 sit
1279 3816 1427 3858 memora·

328 3894 394 3962 bile,
415 3892 523 3969 quibus
544 3893 574 3949 in
595 3892 666 3951 locis

438 4152 463 4222 1)
482 4156 504 4207 1.
522 4154 631 4205 Mueller
650 4154 667 4207 l.
686 4154 715 4223 1.,
734 4156 765 4208 L.
779 4154 942 4222 Grasberger,
963 4155 994 4209 C.
1008 4151 1164 4220 Mayhofiius
1181 4161 1258 4220 atque
1270 4156 1304 4207 A.
1315 4154 1429 4217 Draeger

331 4241 347 4295 l.
366 4241 384 4295 t
403 4238 415 4276 ²
431 4244 446 4292 Ι
465 4259 491 4308 p.
512 4254 571 4308 195.

436 4329 464 4397 2)
483 4332 514 4385 L.
534 4330 686 4395 Grasberger
704 4330 720 4385 l.
740 4330 756 4384 l.
775 4346 800 4396 p.
824 4343 855 4380 12
865 4347 913 4399 sq.‚
943 4332 965 4385 1.
984 4330 1092 4382 Mueller
1111 4330 1130 4385 l.
1149 4330 1167 4384 l.
1186 4345 1212 4397 p.
1232 4332 1275 4398 80,
1304 4329 1335 4381 C.
1354 4322 1431 4395 May-'

255 4426 259 4433 '
329 4418 423 4470 hoiiius
442 4421 457 4475 l.
477 4420 494 4474 l.
513 4437 539 4486 p.
559 4422 592 4470 28
603 4436 640 4485 sq.
