3242 5209
647 404 823 473 *47-

288 566 346 624 Alii
366 566 494 643 genetivi
515 566 559 625 his
581 566 769 625 inveniuntur
789 566 876 625 locis:

185 664 211 721 V
227 678 243 738 7
267 664 297 721 iu
319 665 414 722 ur'eiua
434 665 542 723 lunaris
556 665 666 740 circuli3
688 665 749 722 VII
766 683 803 738 24
819 666 849 722 iu
865 666 1027 722 meridianis
1040 666 1153 740 Indiam
1173 666 1282 725 XXXI

226 762 264 835 78
278 773 334 836 per
351 762 465 837 Asm'cae
485 764 628 833 sitientia·
651 779 690 839 50
711 764 774 821 dein
797 764 924 820 maximo
944 773 1022 820 aestu
1042 765 1071 820 iu
1093 764 1285 822 excelsioribus

222 858 320 933 oppia·
338 860 407 935 riget
427 857 544 937 (aqua);
576 860 731 918 XXXVII
757 877 813 918 110
835 862 960 917 uescitur
971 870 1038 937 post
1057 881 1153 919 evasa
1174 862 1282 920 Indiae.

289 955 445 1031 Temporis
466 957 712 1033 significationem
734 958 887 1015 continent
907 959 982 1016 haec
1003 960 1154 1035 exempla:

184 1054 214 1109 ΙΙ
240 1052 294 1110 128
316 1062 445 1128 tepescens
474 1055 620 1113 adnectis
648 1056 739 1112 media
752 1058 875 1129 femora
906 1056 982 1113 XVI
1004 1059 1042 1130 311
1064 1058 1137 1113 circa
1153 1071 1283 1134 sriprema

223 1151 353 1208 Neronis.
388 1152 523 1209 Similiter
545 1145 677 1228 sequitur
696 1154 850 1229 genetivus
871 1154 1049 1211 adiectivum
1064 1156 1177 1231 obliqui
1197 1176 1283 1215 casus

224 1256 340 1323 tempus
361 1249 543 1325 significans:
566 1249 597 1306 II
619 1266 676 1325 219
699 1251 798 1307 mediis
818 1260 968 1326 tempomm
991 1252 1142 1310 immobiles
1163 1251 1269 1331 (putei)
1276 1275 1283 1328 ;

224 1360 280 1418 232
312 1354 337 1401 et
358 1354 450 1402 nostra
479 1346 551 1403 1111111
576 1356 653 1403 aetas
673 1348 797 1405 Neronis
819 1349 959 1423 pm'ucrpis
984 1352 1130 1425 sipreruis3
1162 1351 1223 1407 VII
1245 1367 1282 1425 33

216 1444 349 1518 proxime
368 1445 501 1519 supremis
522 1444 585 1501 clr'vi
602 1446 731 1521 Arcgurti.
1209 1517 1212 1522 Ι

291 1539 401 1597 Mirum
422 1542 495 1598 mihi
523 1561 588 1600 esse
616 1544 732 1601 videtur
761 1552 988 1619 memoratuque
1017 1546 1147 1620 dignum,
1179 1546 1202 1603 si
1230 1565 1284 1622 pro
1327 1573 1329 1578 ·

183 1638 321 1714 genetivo
349 1639 479 1715 sequitur
508 1640 687 1697 adiectivum
713 1641 895 1699 substantive
922 1642 1052 1717 positum
1081 1643 1205 1713 dativus,
1234 1644 1284 1719 qui

184 1737 258 1793 solet
272 1737 404 1811 pendere
425 1756 461 1793 ex
483 1738 547 1812 ipso
563 1738 718 1807 adiectiv0‚
742 1757 832 1813 quem
847 1757 933 1795 usum
951 1739 1010 1795 iam
1024 1740 1190 1799 invenimus
1204 1742 1285 1816 apud

184 1834 307 1891 Livium.
351 1836 385 1892 cf.
410 1851 454 1904 21,
470 1844 473 1848 '
487 1852 516 1891 11
535 1837 669 1911 parentia
689 1836 785 1892 ruinis.
829 1836 919 1912 Apud
942 1836 1069 1894 Plinium
1096 1838 1218 1914 legimus
1240 1838 1285 1894 IV

184 1932 223 1989 80
245 1933 340 1989 uariae
361 1931 487 2010 (gentes)
511 1932 589 1989 litori
607 1932 734 2007 adposita
755 1942 874 2006 tenuere5
901 1934 932 1990 Π
956 1950 1011 1990 212
1034 1936 1076 1990 aa'
1093 1935 1165 1992 caeli
1182 1938 1241 1991 rma
1262 1946 1287 1991 et

185 2028 338 2085 mem'diauo
360 2031 499 2087 contraria
514 2030 652 2087 accedente
672 2028 780 2108 (luna)3
803 2029 881 2087 VIII
901 2047 954 2086 112
978 2032 1008 2087 in
1017 2033 1155 2107 parieuclo
1175 2034 1285 2089 semitas

185 2126 278 2181 miuus
292 2135 390 2182 caaeut
401 2126 533 2182 luruarris
548 2128 668 2202 rtestrgiis
687 2128 776 2191 trz'tas,
794 2146 878 2200 qrcam
893 2136 992 2183 secreta
1006 2129 1109 2201 etseris
1122 2138 1284 2203 opportuna.

292 2222 447 2279 Interdum
469 2242 590 2299 quoque
612 2242 648 2280 ex
670 2223 816 2280 adiectivo
846 2225 958 2297 pendet
988 2224 1078 2281 dictio
1109 2226 1284 2299 praepositi-

184 2318 286 2375 onaliS.
328 2319 364 2375 cf.
385 2319 528 2377 XXXIII
550 2337 596 2395 94,
620 2320 669 2377 ubi
691 2328 747 2378 est:
773 2321 934 2395 contexique
947 2333 1009 2396 par
1026 2331 1065 2377 est
1084 2321 1189 2396 reliqua
1210 2324 1284 2379 circa

184 2416 234 2471 lroc
254 2415 270 2471 i.
294 2435 318 2473 e.
341 2416 452 2493 reliqua
482 2418 568 2475 huius
588 2418 711 2493 generis,
742 2436 821 2493 quae
845 2426 987 2476 structura
1018 2420 1141 2477 fortasse
1162 2431 1226 2478 orta
1247 2423 1285 2479 sit

185 2530 222 2569 ex
244 2530 286 2583 ea,
309 2514 356 2570 cui
370 2514 469 2572 similis
491 2524 542 2583 est,
565 2533 643 2591 quae
665 2515 794 2573 adnectit
808 2516 998 2572 substantivis
1013 2516 1175 2576 dictionem
1195 2537 1282 2593 prae-

184 2609 391 2683 positionalem
422 2612 503 2669 nullo
524 2612 677 2687 participio
698 2612 840 2669 adiuncto
864 2613 942 2670 velut
962 2613 1088 2670 XXXII
1110 2614 1145 2671 81
1170 2615 1281 2673 calicem

185 2726 221 2763 er
241 2706 341 2765 electro.
385 2708 455 2765 Huc
475 2710 624 2784 pertinent
655 2729 776 2786 quoque
799 2710 843 2767 IV
869 2710 924 2783 148
947 2732 1021 2767 urmc
1045 2712 1152 2786 relr'qrm
1179 2713 1209 2769 iu
1231 2735 1280 2771 ora

186 2803 217 2860 II
240 2820 270 2877 31
293 2805 398 2880 reliqua
418 2809 489 2862 iuter
507 2806 612 2863 caelium
634 2816 792 2882 terensque'

293 2902 358 2960 lam
380 2922 468 2979 supra
489 2905 643 2962 docuimus
665 2924 755 2981 saepe
777 2924 814 2962 ex
828 2906 1041 2964 sententiarum
1055 2926 1179 2977 conexu,
1202 2912 1284 2985 quod

186 3002 401 3058 substantivum
422 3002 452 3059 in
474 3003 532 3060 hoc
553 3004 764 3060 adiectivorum
787 3022 841 3061 usu
862 3004 1092 3080 intellegendum
1115 3013 1199 3075 esset,
1223 3008 1285 3063 elu-

188 3117 261 3168 cere,
293 3117 391 3174 neque
413 3100 510 3157 minus
531 3100 589 3157 hoc
610 3101 644 3157 fit
665 3101 696 3157 in
717 3102 772 3170 illa,
804 3101 843 3158 de
874 3120 932 3177 qua
955 3120 1035 3159 nunc
1062 3103 1221 3177 disputabo
1242 3103 1290 3161 lo-v

187 3196 298 3270 quendi
319 3198 541 3255 consuetudine.
586 3198 657 3255 Non
689 3217 755 3255 raro
777 3199 857 3255 enim
880 3199 989 3256 Plinius
1013 3201 1108 3257 verbis
1130 3201 1285 3258 transitivis

186 3294 253 3351 loco
274 3294 398 3352 subiecti
419 3292 470 3352 vel
487 3295 594 3353 obiecti
616 3295 790 3353 substantivi
819 3297 998 3353 adiectivum
1019 3298 1149 3355 neutrius
1170 3298 1284 3373 generis

186 3392 278 3448 addit.
309 3391 412 3463 Qualis
433 3393 606 3449 substantivi
627 3394 709 3450 notio
730 3393 760 3449 in
783 3394 828 3467 his
850 3394 939 3451 lateat
959 3394 1118 3462 adiectivis
1141 3413 1178 3451 ex
1193 3397 1284 3452 verbo

186 3489 395 3564 praedicativo,
426 3508 463 3546 ex
484 3509 545 3565 quo
567 3491 744 3548 adiectivum
766 3491 887 3566 pendet,
918 3492 964 3548 vel
989 3511 1025 3549 ex
1047 3501 1110 3549 toto
1132 3492 1285 3550 enuntiato

187 3586 428 3662 cognosci'solet.
452 3588 486 3644 cf.
560 3596 563 3601 '
675 3586 677 3589 ’

188 3683 235 3740 IX
260 3683 293 3740 18
315 3684 448 3741 accedunt
467 3686 547 3761 apud
564 3706 605 3741 me
626 3695 692 3742 certe
712 3687 835 3761 efficacii
857 3684 922 3764 (ie.
945 3696 1042 3745 certae
1057 3688 1193 3745 efficaces
1215 3707 1284 3745 cau·

211 3765 298 3859 sae),
322 3791 353 3838 ut
371 3782 480 3839 credam
502 3792 555 3840 etc.
578 3782 701 3839 XXXV
722 3782 759 3857 67
782 3784 951 3840 Parrhasius
1030 3830 1035 3840 .
1067 3785 1168 3860 etipse
1198 3784 1286 3841 uzulta

228 3879 343 3936 contulit
362 3880 379 3937 i.
402 3899 425 3937 1.
448 3881 554 3939 multas
575 3899 668 3939 novas
689 3881 821 3956 picturae
851 3900 984 3955 normas;
1015 3890 1178 3956 sequuntur
1205 3882 1285 3939 enim

228 3977 318 4033 verba
331 3977 444 4052 primus
470 3979 657 4054 symmetm'am
671 3981 801 4054 picturae
831 3978 913 4035 dedit.
955 3978 1042 4035 Idem
1072 3979 1133 4036 fere
1163 3978 1285 4053 legimus
1366 4038 1369 4043 .

229 4087 266 4149 79
283 4074 410 4149 picturae
423 4074 511 4150 plum
539 4076 613 4139 solra
633 4120 639 4133 .
662 4120 668 4133 .
692 4120 697 4132 .
729 4075 851 4132 contulit.
894 4076 931 4133 In
961 4076 1039 4133 libris
1069 4078 1108 4133 de
1138 4076 1285 4153 medicina

229 4172 383 4247 agentibus
405 4181 521 4230 exstant
542 4172 649 4229 XXXI
666 4189 686 4247 1)
708 4173 738 4229 iu
759 4173 888 4229 Aenaria
900 4172 1003 4229 'iusrcla
1023 4171 1165 4228 calculosis
1186 4172 1289 4229 mederi

229 4288 267 4327 sc.
288 4270 440 4327 doloribus
447 4290 453 4342 ;
475 4269 536 4327 VII
560 4286 597 4327 20
618 4272 695 4326 cirr'us
716 4280 791 4327 tactu
812 4270 921 4327 lienosis
943 4270 1106 4327 irridebatur.

639 4419 853 4430 ——ae--a-auu
