3242 5209
776 420 989 483 'ass-

462 608 539 667 Cum
560 608 613 665 illis
633 606 705 664 locis
727 606 867 663 Plinianis
887 605 1044 691 contuleris
1067 606 1156 662 etiarn
1178 604 1238 662 Cic.
1263 603 1328 660 Att.
1358 615 1404 668 12,
1428 601 1469 672 36
1609 620 1611 692 r

355 708 468 770 Sernr'ac
493 704 615 769 ,Claudii
642 702 692 781 (sc.
719 702 831 780 uxoris)
854 713 955 779 potem
989 704 1034 760 vel
1066 719 1109 773 12,
1133 718 1177 759 21>
1196 701 1289 759 Ouiae
1319 698 1353 757 C.
1377 696 1473 786 Lollii
1609 697 1610 712 ³

354 800 485 883 (uxoris).

311 1106 313 1111 s
393 1032 426 1117 b)
468 1026 617 1092 Desunt
638 1032 900 1100 substantiva,
922 1049 1015 1106 quae
1043 1039 1177 1106 regunt
1196 1030 1425 1107 genetivum

798 1128 1009 1204 qualitatis,
1284 1131 1288 1133 ’

329 1348 332 1352 ⁴
460 1277 579 1334 Deinde
588 1276 725 1353 genetivo
736 1274 882 1351 qualitatis
896 1275 1063 1331 indicantur
1076 1255 1265 1332 substantiva.
1287 1273 1387 1349 Apud
1404 1272 1464 1328 Pli-

353 1367 435 1431 nium
451 1376 530 1432 enim
546 1393 636 1449 saepe
656 1374 807 1449 genetivus
823 1367 969 1447 qualitatis
984 1391 1045 1429 non
1059 1374 1152 1429 modo
1166 1373 1342 1448 adiungitur
1356 1370 1465 1447 appel·

355 1471 448 1528 lativis
464 1470 641 1538 nominibus,
660 1453 731 1525 utin
742 1477 843 1526 nostra
857 1468 954 1544 lingua
965 1478 994 1525 et
1008 1470 1182 1544 plerumque
1200 1472 1281 1545 apud
1299 1468 1464 1526 Romanos

352 1568 394 1637 iit,
417 1567 469 1624 sed
493 1565 580 1623 etiam
595 1565 765 1622 nominibus
780 1565 912 1641 propriis,
935 1565 1037 1640 quain
1052 1584 1083 1621 re
1098 1566 1309 1641 distinguenda
1324 1573 1399 1623 sunt
1426 1584 1464 1622 ea

354 1663 498 1738 exempla,
521 1662 552 1717 in
573 1648 688 1737 quibus
701 1667 731 1718 re
753 1648 828 1718 vera·
844 1661 937 1736 agitur
957 1662 996 1718 de
1017 1662 1104 1719 bonis
1125 1662 1223 1732 animi,
1245 1664 1284 1720 ab
1308 1663 1353 1731 iis,
1381 1682 1463 1738 quae

352 1766 477 1817 tractant
489 1776 590 1835 genus
612 1767 641 1815 et
660 1758 801 1834 originem
818 1758 937 1815 alicuius
952 1759 1086 1816 hominis.
1129 1759 1178 1815 Ad
1192 1760 1324 1835 priorem
1339 1770 1462 1836 partem

351 1856 501 1932 pertinent
527 1856 614 1912 huius
642 1855 725 1912 modi
753 1856 890 1930 exempla
911 1855 958 1912 IX
979 1871 1018 1929 39
1046 1865 1072 1911 et
1098 1857 1257 1931 repositoria
1284 1858 1332 1915 leis
1362 1860 1478 1915 oeste're'

357 1952 497 2009 Cbroilius
517 1950 606 2009 Pollio
628 1952 749 2021 instituit
760 1953 880 2027 prodigi
897 1962 922 2008 et
940 1954 1048 2028 sagacis
1068 1954 1111 2009 od
1120 1952 1251 2030 luxuriae
1267 1956 1462 2014 instrumenta

352 2050 448 2125 ingeni
467 2068 504 2107 se.
521 2050 563 2106 vir
583 2049 629 2106 vel
651 2050 751 2117 homo,
774 2068 852 2125 quae
872 2050 998 2125 primum
1021 2049 1141 2125 quidem
1157 2051 1299 2109 deficiunt
1313 2055 1458 2111 substan·

352 2148 411 2204 tiva
430 2147 567 2222 genetivo
589 2146 731 2219 indicata;
754 2161 832 2221 quae
852 2147 1043 2223 brachylogia
1063 2166 1081 2206 a
1098 2148 1405 2229 Cicerone-quamvis
1428 2153 1460 2209 in

248 2296 251 2301 .
352 2242 479 2300 ablativo
508 2242 663 2317 qualitatis,
695 2250 795 2299 tamen
824 2261 886 2299 non
913 2242 944 2298 in
971 2244 1108 2317 genetivo
1134 2244 1268 2302 adhiberi
1296 2246 1457 2325 videtur1).

351 2339 410 2396 Sed
432 2340 511 2397 hanc
533 2347 707 2397 structuram
729 2339 893 2414 neglectam
914 2358 976 2395 non
998 2358 1063 2397 esse
1083 2340 1244 2399 aCaesare
1264 2344 1355 2401 docet
1370 2344 1458 2401 locus

351 2436 378 2492 b.
393 2455 418 2511 g.
451 2434 513 2493 Vt‘)
534 2436 611 2510 qnod
627 2455 688 2491 eum
710 2436 841 2510 cupellam
863 2425 983 2510 impen‘i,v
1002 2438 1102 2512 magni
1119 2439 1217 2507 animi,
1240 2459 1371 2515 magnae-
1383 2442 1460 2503 mter

356 2530 454 2588 Gallos
474 2531 645 2589 auctoritatis
667 2540 857 2605 cognoverant,
886 2532 936 2587 ubi
956 2532 1103 2607 mitigatur
1128 2534 1295 2609 appellativi
1320 2536 1457 2593 nominis

351 2627 471 2686 omissio
500 2626 678 2703 pronomine
708 2628 949 2685 demonstrativo,
992 2628 1075 2693 Alios
1105 2629 1187 2687 locos
1216 2633 1301 2694 nobis
1324 2625 1456 2708 praebet

331 2762 335 2769 ·
351 2724 457 2782 Livius.
480 2726 514 2782 cl.
538 2740 584 2797 30,
602 2738 618 2797 7
641 2734 773 2797 qreattuor
791 2724 872 2782 melia
898 2709 1089 2783 Celtiberorum
1106 2772 1111 2783 .
1127 2772 1157 2783 ..
1182 2730 1304 2803 egregiae
1327 2731 1454 2796 aruntis,

319 2858 320 2863 =
351 2820 396 2877 vel
418 2820 464 2895 38,
481 2837 517 2893 24
540 2822 660 2875 centurio
675 2864 681 2875 .
698 2865 725 2876 ..
748 2830 773 2876 et
792 2821 919 2878 libidinis
938 2831 964 2877 et
983 2821 1308 2902 caronnacmttiran'sb.

458 2917 506 2979 Ad
528 2903 657 2975 alteram=
671 2926 785 2991 partem
807 2918 916 2975 idonea
937 2928 1005 2977 sunt
1025 2920 1100 2976 haec
1121 2920 1270 2995 exempla,
1288 2922 1318 2978 in
1342 2925 1456 2998 quibus

322 3075 327 3081 „
349 3014 487 3089 genetivo
504 3013 763 3090 ‘nomini'proprio
784 3015 888 3071 addito
909 2998 1088 3091 significatur¹
1107 3016 1229 3074 facultas
1251 3018 1373 3077 alicuius
1400 3021 1453 3089 rei,

322 3173 324 3179 ,
351 3110 429 3167 velut
450 3110 496 3167 IX
517 3110 554 3168 28
576 3130 646 3185 quac
657 3110 779 3193 faciunt,
806 3121 837 3167 nt
849 3110 977 3167 credatur
988 3111 1119 3168 Arionem
1134 3133 1239 3187 quoqne
1252 3115 1455 3181 citharoedicae

349 3207 417 3264 ortis
440 3204 490 3285 (sc.
512 3205 638 3284 virum).
655 3252 660 3263 .
678 3208 736 3263 ‚in
758 3205 823 3263 litus
829 3216 987 3281 pervectum
1003 3207 1105 3286 (esse);
1121 3210 1167 3280 vel
1177 3210 1267 3267 XXV
1278 3224 1295 3285 7
1306 3211 1452 3270 Lenaeum

346 3304 548 3379 grammaticae
568 3304 646 3369 artis,
663 3321 724 3378 quo
738 3304 865 3378 pertinet
878 3303 949 3360 illud
960 3304 1194 3374 Ciceronianam,
1211 3310 1293 3381 quod
1307 3310 1451 3385 scriptum

350 3399 484 3457 videmus
505 3400 535 3456 in
558 3400 640 3457 Bruti
659 3418 682 3456 c.
699 3399 736 3473 83
763 3400 909 3459 Charisius
930 3402 1080 3458 multarum
1102 3404 1258 3460 arationum
1281 3403 1375 3483 (erat),
1402 3407 1450 3463 vel

350 3494 517 3552 Livianum:
554 3511 600 3569 35,
617 3512 652 3569 31
670 3497 764 3553 Zeno.
782 3541 809 3553 ..
847 3517 965 3572 magnae
998 3499 1030 3554 ob
1064 3498 1202 3574 eleganter
1233 3510 1324 3557 actam
1360 3502 1449 3559 or'tam

349 3593 529 3647 auctoritatis.
581 3629 583 3632 .
1109 3647 1112 3649 ,

458 3688 620 3746 Genetivus
646 3689 764 3765 originis
793 3690 839 3747 vel
868 3692 983 3767 generis
1004 3693 1048 3751 his
1070 3694 1141 3751 locis
1162 3694 1300 3753 Plinianis
1322 3696 1448 3753 coniun-

326 3783 425 3859 gitur
445 3802 513 3841 cum
535 3784 666 3842 nomime
687 3787 829 3861 proprio:
851 3787 882 3843 X
898 3802 931 3861 71
962 3787 1080 3846 Caecina
1108 3790 1299 3847 Volaterranos
1320 3792 1453 3867 equestris‘

324 3901 325 3904 ¹
350 3881 468 3953 ordirn's;
490 3878 625 3938 V11186
647 3881 680 3937 L.
702 3882 847 3939 Domitius
866 3882 1035 3941 clarissimae
1050 3865 1158 3961 gentes‚·
1184 3886 1237 3960 187
1260 3888 1304 3944 M.
1325 3888 1449 3963 Lepr'clus

351 3976 538 4033 nobilissimae
546 3977 649 4051 stupis,
667 3978 748 4036 cuius
766 3979 807 4035 rei
825 3980 951 4054 primum
962 3983 1129 4056 exemplum
1140 4001 1201 4039 non
1216 3984 1270 4040 nisi
1280 3984 1311 4040 in
1322 3968 1447 4042 Liviano

350 4072 459 4147 scripto
480 4073 653 4143 invenimus,
676 4074 727 4148 qui
747 4075 818 4132 dicit
841 4091 867 4149 3,
886 4090 923 4149 37
939 4077 972 4133 L.
992 4078 1174 4152 Tarquitium,
1189 4081 1329 4154 prunetae
1348 4082 1447 4156 genui,

448 4314 486 4380 t)
504 4316 536 4367 cs.
553 4318 588 4367 A.
608 4316 762 4379 Draegerum
781 4317 797 4369 l.
818 4317 833 4369 l.
857 4318 871 4366 Ι
890 4335 914 4382 p.
934 4321 995 4381 426.

459 4406 485 4465 2)
504 4405 534 4454 cl.
546 4403 637 4456 Thom.
649 4405 871 4456 Ruddimannum:
882 4407 964 4459 Instit.
974 4424 1076 4469 gramm.
1087 4410 1119 4457 de
1129 4411 1249 4472 regimine
1259 4428 1283 4475 p.
1296 4423 1328 4475 59
1340 4422 1393 4465 not.
1405 4425 1447 4477 37·
