3242 5209
698 467 870 521 -37..

233 644 396 707 reliquum:
417 630 449 686 ΙΙ
472 645 509 703 23
532 629 562 685 in
584 628 718 704 reltpanm
741 648 802 685 aeta
823 628 911 685 atium
932 628 1025 694 datur,
1051 630 1133 705 quod
1154 626 1332 686 adiectivum

274 727 345 786 Inde
365 746 384 785 a
405 726 550 785 Cicerone
571 733 666 785 exstat
686 744 741 801 pro
762 723 941 801 reliquum
962 733 1116 800 tempus.
1152 725 1188 783 ci.
1210 724 1270 783 Cic.
1292 724 1332 782 ad

274 825 342 883 fam.
364 823 423 897 X7
446 824 546 881 irarum
559 825 659 899 fructu
680 824 711 880 in
726 822 861 899 reliquum
874 821 1165 897 sacrasalacn'arem;
1186 821 1331 899 Sall.1ug.

274 919 326 995 46;
347 919 410 979 Liv.
432 918 479 995 36,
506 937 548 978 10.
1316 904 1319 908 ’

232 1048 379 1101 fusurum:
409 1034 471 1091 VII
496 1034 552 1093 188
573 1034 666 1092 eadem
687 1035 761 1091 enim
784 1032 897 1091 vanitas
922 1034 953 1090 in
964 1035 1098 1108 futurum
1118 1034 1202 1092 ctiam
1222 1053 1250 1090 se
1262 1045 1332 1111 pra·

266 1140 378 1209 pagan
408 1128 486 1189 VIII
508 1130 555 1202 68,
586 1131 669 1207 quod
698 1130 770 1189 inde
790 1149 809 1189 a
830 1130 914 1189 Livio
943 1130 1083 1189 usitatum
1113 1148 1179 1191 esse
1209 1129 1333 1191 videtur.

274 1231 309 1289 cf.
333 1244 379 1305 27,
402 1246 418 1286 2
441 1230 527 1287 timor
545 1229 575 1287 in
587 1231 721 1304 firtnrnm
742 1237 807 1285 crat.

233 1358 423 1408 matutinum:
457 1343 503 1401 XI
527 1358 565 1400 20
594 1342 670 1418 an’es
699 1341 729 1399 in
758 1341 928 1399 matutinum
949 1342 1068 1418 apibus;
1097 1342 1129 1400 II
1151 1339 1203 1416 36;
1233 1361 1334 1420 neque

274 1442 379 1501 Cicero
408 1458 508 1517 neque
536 1438 635 1499 Livius
665 1438 773 1498 versari
794 1438 934 1499 videntur
953 1439 984 1496 in
1004 1438 1091 1497 huius
1113 1437 1249 1498 adiectivi
1274 1457 1330 1497 usu

274 1536 465 1597 substantive.
508 1536 585 1594 Item
606 1553 734 1612 sequens
755 1535 934 1594 adiectivum

232 1666 445 1717 merrdianum:
466 1650 497 1708 X
515 1665 570 1727 159
584 1658 651 1727 past
671 1649 858 1708 men'dzaaam
880 1650 911 1707 in
933 1649 1083 1717 matatz'na,
1106 1668 1169 1709 non
1182 1648 1239 1709 nIsi
1252 1649 1334 1726 apud

274 1748 400 1807 Plinium
421 1747 562 1824 scriptum
583 1746 727 1806 videmus.

340 1845 458 1905 Tertiae
479 1843 684 1904 dedinationis
706 1852 801 1904 exstat
824 1843 1004 1903 adiectivum

233 1985 387 2041 praesens:
419 1957 466 2016 IX
487 1974 522 2032 31
547 1968 573 2014 et
592 1957 718 2016 accidisse
741 1959 926 2034 adpraesens
946 1957 1084 2027 cantanti·
1113 1956 1240 2016 XXXII
1265 1974 1335 2031 1123

274 2058 352 2115 VIII
374 2056 413 2115 80
420 2076 428 2131 ;
450 2054 530 2114 XIII
552 2071 578 2128 3,
601 2055 685 2132 quod
706 2055 847 2115 usitatum
868 2065 913 2114 est
933 2056 1004 2113 inde
1025 2073 1043 2114 a
1064 2053 1248 2131 Cicerone1).

341 2153 475 2211 Alterum
497 2151 603 2210 horum
617 2151 833 2210 adiectivorum
853 2169 947 2229 genus
961 2160 1078 2211 constat
1099 2170 1136 2210 ex
1154 2151 1188 2209 iis
1202 2152 1333 2222 vocibus,

234 2251 341 2329 quibus
362 2268 408 2308 res
429 2250 558 2307 incertae
579 2257 725 2307 notantur.

233 2380 402 2433 diversum:
422 2364 560 2422 XXXVI
586 2362 641 2422 186
662 2364 744 2422 bt'nas
757 2376 815 2441 per
835 2364 973 2424 dr‘aersum
995 2363 1172 2422 coaxationes
1190 2364 1334 2423 substerni.

275 2464 310 2522 cf.
332 2463 392 2523 Cic.
414 2462 525 2520 defin.
546 2478 574 2535 4,
597 2477 643 2535 24,
666 2460 721 2536 673
743 2461 805 2520 Liv.
830 2460 877 2533 26,
899 2475 926 2537 5.

235 2595 363 2642 tantum:
391 2574 533 2633 XXXIII
556 2591 594 2650 39
623 2575 674 2633 sed
699 2574 730 2634 in
761 2574 866 2634 militia
887 2564 992 2652 qnoque
1022 2576 1052 2634 in
1082 2583 1191 2633 tantum
1215 2574 1337 2634 adolevit

274 2674 341 2731 haec
360 2673 498 2743 tuscana·
518 2672 658 2730 XXXIV
676 2672 729 2747 483
755 2672 824 2748 108;
850 2689 917 2748 120;
938 2672 1062 2731 XXXV
1086 2687 1157 2748 145;
1182 2687 1237 2749 153
1258 2673 1335 2731 mul·

275 2755 371 2849 tisque
392 2770 454 2829 aliis
475 2769 554 2840 locis
575 2769 657 2829 cuius
678 2770 794 2847 generis
816 2790 853 2829 ex
873 2769 1020 2848 prioribus
1034 2769 1222 2848 scriptoribus
1237 2770 1335 2829 afferri

274 2876 399 2943 possunt
409 2867 572 2943 exemplae
586 2866 674 2944 Verg.
694 2868 770 2927 Aen.
786 2868 831 2926 VI
847 2866 907 2944 876
928 2888 977 2926 acc
988 2880 1067 2945 puer
1081 2867 1175 2925 Iliaca
1188 2867 1335 2945 qaisquam

276 2964 308 3022 da
333 2973 413 3041 gente
432 2964 552 3023 latinas
582 2965 612 3022 in
642 2974 753 3023 tantum
777 2976 824 3042 spe
845 2964 920 3024 tollet
938 2986 1014 3033 avos,
1038 2967 1083 3025 vel
1105 2984 1122 3025 e
1143 2964 1205 3023 Liv.
1229 2980 1275 3036 22,
1298 2979 1334 3041 27

276 3062 306 3120 in
327 3070 437 3119 tantam
457 3081 537 3119 suam
549 3060 714 3136 felicitatem
736 3105 744 3122 .
765 3104 772 3122 .
794 3105 802 3121 .
826 3062 961 3120 enituisse.

235 3191 422 3244 unwanum:
442 3176 491 3233 III
513 3175 532 3234 8
553 3195 631 3233 aram
652 3195 713 3233 eam
734 3174 764 3233 in
787 3176 945 3234 antianum
967 3175 1086 3253 origines
1098 3175 1253 3234 Poenorum
1274 3176 1336 3235 exi-

275 3274 419 3343 stimavit,·
441 3273 486 3332 IV
508 3288 534 3331 2.
565 3273 601 3330 cf.
623 3272 685 3331 Liv.
707 3289 734 3349 9,
758 3271 804 3331 26.

235 3402 370 3469 plenum:
402 3387 446 3445 IV
467 3386 507 3445 80
536 3386 572 3444 ab
601 3406 631 3443 aa
662 3386 692 3443 in
711 3384 828 3462 planum
849 3430 856 3445 .
877 3429 885 3445 .
907 3430 914 3445 .
937 3386 1104 3463 Scytharum
1134 3397 1200 3445 sunt
1224 3396 1337 3464 gentes,·

275 3486 337 3544 VII
359 3498 409 3559 73;
438 3483 501 3541 XII
524 3496 578 3557 70;
607 3482 689 3540 XIII
711 3498 757 3557 31,
789 3481 841 3560 qui
865 3501 936 3542 usus
957 3501 1141 3560 quamquam
1170 3503 1234 3544 non
1254 3486 1336 3561 apud

277 3582 452 3642 Ciceronem
481 3588 583 3638 tamen
613 3580 695 3655 apud
725 3578 872 3638 Senecam
903 3579 1035 3638 occurrit.
1076 3579 1113 3637 cf.
1135 3580 1203 3638 Sen.
1228 3598 1275 3656 ep.
1297 3596 1333 3657 91

276 3680 306 3736 in
320 3678 437 3755 plenam
458 3675 608 3753 cagz'tanda
619 3677 740 3751 fortuna
761 3684 805 3733 est.

236 3812 343 3859 toturn:
373 3789 557 3851 XXXIIIo
589 3790 750 3866 utinamque
772 3800 866 3866 posset
887 3811 902 3848 e
922 3791 982 3849 vita
1011 3790 1042 3849 in
1072 3800 1158 3848 totum
1188 3790 1336 3861 abdican';

275 3889 397 3949 XXXV
420 3906 451 3965 2;
482 3909 514 3966 4;
544 3892 682 3950 XXXVI
703 3909 760 3966 44;v
786 3891 913 3950 XXXII
939 3906 989 3968 753
1020 3892 1130 3951 XXXI
1160 3908 1214 3968 903
1245 3893 1335 3967 145;

278 3988 360 4046 cuius
381 3988 517 4047 adiectivi
546 4008 616 4047 usus
637 3987 837 4048 substantivus
857 3989 1004 4049 admissus
1024 4008 1087 4047 non
1107 3989 1197 4048 tuisse
1210 3989 1337 4058 videtur,

276 4104 346 4144 nam
367 4104 462 4162 usque
491 4087 591 4145 adhuc
623 4087 716 4145 modo
746 4087 828 4162 apud
848 4085 996 4145 Velleium
1026 4087 1127 4146 inveni
1157 4086 1336 4163 exemplum.

277 4183 313 4240 cI.
333 4182 407 4240 Veli.
430 4199 456 4253 2,
483 4181 546 4254 126,
570 4199 585 4240 2
609 4192 734 4239 revocata
756 4182 786 4239 in
807 4191 917 4239 tantum
929 4182 1015 4256 sides.

237 4340 449 4357 ——k-n-——.

345 4450 370 4510 1)
389 4448 473 4533 οῇᾉ.
491 4448 583 4514 Decea
602 4448 621 4505 Ι.
638 4448 656 4505 Ι.
675 4444 691 4500 1
708 4464 734 4516 p.
754 4448 796 4515 56.
