3242 5209
420 936 450 993 4.
477 920 630 980 Formae
658 920 814 982 aliorum
839 925 1045 985 verborum.

292 1103 389 1161 Multo
404 1112 503 1161 autem
518 1104 618 1161 durior
632 1106 790 1162 verbomm
804 1106 912 1181 ellipsis
929 1106 995 1165 mse
1009 1109 1123 1167 videtur
1137 1110 1183 1169 his
1197 1111 1281 1185 locis;

183 1202 349 1277 supplenda
371 1202 450 1259 enim
471 1210 540 1260 sunt
561 1202 635 1260 haec
656 1204 760 1261 verba:

184 1336 310 1389 efficere:
336 1324 366 1380 X
392 1337 446 1397 140
462 1327 557 1400 pastea
578 1325 735 1383 culmorum
757 1335 828 1383 artes
849 1345 888 1384 sc.
911 1327 1048 1385 efficiunt.

169 1454 302 1525 augere:
325 1447 354 1503 X
380 1446 433 1521 187
449 1457 601 1523 prouentus
621 1469 712 1506 carram
733 1448 902 1506 siccitatibus
922 1468 961 1507 sc.
983 1460 1112 1527 augetur.

184 1582 331 1633 invenire:
364 1569 423 1627 XV
448 1568 503 1643 136
525 1572 708 1646 intrepideque
730 1572 850 1628 miranti
866 1575 987 1647 ⁸accessit
1007 1573 1183 1640 miraculum,
1215 1596 1282 1650 qua·

225 1668 303 1723 uuam
329 1676 460 1725 tcueutem
492 1678 576 1726 rastro
607 1669 731 1727 lacertum
761 1690 872 1727 ramum
903 1680 1031 1727 onustum
1061 1673 1119 1728 sm's
1148 1672 1224 1729 bacis
1243 1690 1281 1730 se.

224 1763 342 1821 invenit.
1068 1777 1070 1782 ·
1169 1777 1172 1781 ·

185 1899 369 1962 opprimere:
408 1888 500 1946 XVII
533 1905 590 1964 219
621 1890 692 1945 sc'cut
721 1890 794 1945 iuter
821 1888 945 1945 hammes
974 1908 1048 1945 uum
1076 1891 1188 1947 servitia
1210 1910 1284 1947 uum

218 1983 310 2059 plebes
330 1984 440 2043 cerbaria
462 1986 506 2042 acl
523 1980 624 2043 ruitica
644 2004 683 2044 sc.
706 1986 913 2061 opprimuntur
934 1986 1108 2062 pestilentia.

184 2118 282 2170 edere:
305 2106 335 2163 II
358 2124 396 2183 94
417 2108 483 2165 haec
504 2107 548 2164 illc
569 2100 758 2184 c'u'publicum
781 2127 820 2167 se.
837 2108 943 2190 edidit.

185 2243 366 2294 constituere
384 2243 432 2293 vel
453 2256 578 2307 ponere:
603 2230 649 2286 XI
671 2245 725 2306 105
747 2231 887 2287 desertoris
900 2243 994 2305 paena
1015 2231 1045 2286 iu
1067 2249 1188 2289 cucuso.
1210 2250 1282 2289 con·

225 2326 325 2383 stituta
347 2334 398 2394 est,
420 2328 471 2400 qui
489 2328 636 2383 cessaverit.

185 2462 319 2526 gignere:
348 2446 424 2505 XVI
450 2465 505 2521 114
524 2469 636 2524 sequeus
663 2451 720 2505 eius
731 2452 843 2524 fructus
865 2458 933 2525 post
952 2460 1092 2506 arcturum
1124 2453 1154 2507 iu
1182 2452 1285 2526 apricis

225 2545 401 2619 maximeque
421 2563 459 2602 sc.
482 2545 613 2621 gignitur.

185 2679 347 2731 collocare:
378 2667 470 2725 XVII
493 2667 527 2725 61
562 2670 591 2725 iu
610 2668 685 2725 sulca
707 2670 873 2744 repastinato
888 2670 986 2745 palmi
1003 2666 1152 2727 altitudine
1175 2672 1285 2728 vicetiae

215 2764 277 2836 scre
297 2766 446 2821 aceruatim
469 2784 557 2821 rueme
576 2764 685 2821 Martio
706 2783 745 2823 sc.
768 2766 958 2823 collocantur.
1197 2766 1205 2778 ‘

185 2898 306 2948 ducere:
336 2884 413 2943 XXI
439 2885 494 2943 180
514 2896 596 2960 atque
616 2887 698 2943 etiam
720 2887 782 2962 opio
804 2887 920 2944 velacc'us
940 2888 982 2944 ad
1000 2898 1111 2944 martem
1133 2906 1172 2945 sc.
1195 2888 1283 2956 ducit,

226 2983 309 3057 quod
330 2982 451 3059 quidem
473 2982 655 3040 medicomm
671 2983 726 3041 ritu
740 2984 853 3042 dictum
871 2985 968 3043 minus
989 2993 1034 3043 est
1048 2984 1168 3042 difficile
1188 3003 1285 3061 aeque

225 3087 316 3156 atque
338 3080 413 3137 haec
434 3080 583 3155 exempla:

184 3205 294 3256 valere:
315 3200 409 3258 XXII
431 3199 470 3259 66
491 3204 532 3258 vis
553 3202 707 3260 adomnia
729 3212 864 3260 neueuata
884 3213 910 3259 et
924 3202 1093 3279 phalangia,
1122 3204 1173 3261 sea'
1189 3215 1284 3266 cantra

225 3298 376 3374 scorpiones
390 3301 538 3375 praecipue
559 3300 641 3357 cuu'ta
662 3320 699 3359 sc.
722 3301 807 3359 valet.
848 3302 883 3359 cf.
907 3302 996 3360 Scrib.
1019 3320 1042 3359 c.
1065 3302 1208 3359 XXXIII
1230 3304 1284 3360 cal-

222 3394 323 3471 lyrium
345 3396 387 3452 ad
403 3396 548 3471 caliginem
579 3407 605 3453 et
624 3398 823 3472 aspritudinem
846 3417 885 3455 sc.
907 3400 985 3455 bene
1015 3399 1121 3456 faciti.
1144 3418 1168 3456 e.
1191 3401 1283 3472 valet;

226 3512 296 3549 nam
318 3494 353 3551 cl.
377 3493 501 3550 XXXII
522 3494 565 3551 ad
582 3493 727 3569 caliginem
750 3539 755 3550 .
779 3540 784 3550 .
809 3538 814 3551 .
840 3497 914 3568 facit
935 3496 985 3552 hoc
1015 3496 1168 3572 collyrium
1198 3497 1283 3554 bene.

226 3590 305 3648 Item
325 3591 446 3647 XXXV
453 3611 459 3664 ;
480 3592 648 3665 XXXVII;
670 3590 851 3648 XXXVIII.

184 3726 269 3775 dare:
303 3711 397 3769 XXII
424 3728 477 3769 122
499 3713 541 3769 ad
559 3714 723 3790 rustitiocdac
744 3732 848 3771 morsus
873 3732 934 3769 cum
958 3711 1041 3781 melle,
1064 3713 1106 3768 ad
1121 3715 1284 3788 serpentium

227 3828 287 3865 cum
319 3819 392 3867 aceto
422 3819 448 3867 ct
467 3820 563 3868 contra
583 3813 777 3887 suppurantia,
809 3810 852 3867 ad
869 3810 1056 3867 eastraheudas
1077 3812 1286 3887 suppurationes

226 3927 264 3967 sc.
287 3910 386 3982 datur;
408 3928 479 3967 nam
501 3912 535 3967 cl.
558 3911 652 3968 XXII
679 3926 747 3984 130;
772 3917 905 3968 attamen
926 3907 1056 3983 suppleri
1077 3915 1175 3983 potest
1196 3906 1285 3963 etiam

221 4006 363 4081 prodest
382 4007 426 4064 vel
456 4007 514 4064 tale
535 4008 616 4083 quid,
650 4008 733 4083 quod
754 4007 835 4064 idem
856 4004 1086 4063 commonefacit
1107 4004 1146 4060 de
1167 4002 1286 4060 dicendi

227 4104 444 4161 consuetudine
470 4104 661 4161 medicorum.
704 4106 738 4162 cf.
761 4104 852 4162 Scrib.
875 4122 899 4160 c.
922 4101 1081 4161 CCXLIII
1110 4100 1152 4156 ad
1162 4099 1287 4176 papulas
1316 4162 1321 4168 ,

227 4202 257 4256 iu
279 4204 367 4278 capite
386 4202 578 4277 effcmesceutes
598 4210 651 4259 etc.

181 4348 305 4401 parare:
325 4319 468 4379 XXXIII
494 4320 547 4396 163
554 4327 640 4397 fraus
659 4323 676 4378 i.
692 4342 716 4379 e.
735 4322 904 4379 cacmleum
918 4321 1115 4378 adulteratum
1131 4320 1286 4396 (unechtes

227 4418 313 4496 Blau)
346 4420 420 4476 cicala
441 4420 524 4476 arida
546 4420 651 4476 decocta
682 4421 712 4475 iu
733 4438 808 4493 aqua
830 4437 868 4476 sc.
890 4427 1016 4493 paratur,
1049 4434 1179 4491 quocum
1203 4434 1285 4473 com·
