3242 5209
702 441 879 491 -2,-

235 632 238 637 -
268 596 336 668 soen
357 639 362 649 .
386 638 392 649 ‚
416 638 421 649 .
445 592 518 649 uelut
537 594 705 668 e‘uquieseeus
723 608 828 673 semper
844 611 922 669 arel,
944 602 1014 660 item
1036 604 1096 662 VII
1120 620 1169 681 77;
1196 609 1274 668 VIII
1297 627 1313 685 3

277 706 331 766 503
358 703 420 764 '¹97-

236 808 397 865 tamquam:
419 787 561 846 XXXIII
578 805 592 846 2
610 798 752 865 tamquam
769 794 1019 872 pontemleugua
1032 800 1176 876 fertilique
1190 804 1316 883 (tellure)
1322 827 1329 880 ;

274 886 365 961 praef.
389 886 426 942 20
447 894 590 961 tamquam
606 887 735 945 ieuleoatu
755 903 861 965 semper
871 902 930 949 ame
943 904 968 949 et
981 896 1135 971 impeesecta
1143 920 1157 966 ,·
1179 900 1255 959 VIII
1275 903 1331 961 180

274 991 402 1058 actusque
422 983 452 1037 in
474 981 604 1038 exsilium
626 992 769 1058 tamquam
791 986 885 1044 colono
904 1008 954 1045 suo
975 992 1152 1068 interempta·
1178 995 1242 1052 XII
1264 1014 1330 1072 3ae

273 1099 325 1136 sua
347 1078 466 1135 numina
487 1087 630 1159 tamquam
652 1100 665 1135 e
685 1081 758 1137 eaelo
779 1084 922 1141 altm‘buta.

185 1235 188 1243 ¹
234 1191 424 1255 praesertim:
447 1175 478 1232 ΙΙ
501 1191 517 1248 3
540 1184 617 1232 lanto
631 1180 794 1251 praesertim
816 1192 910 1255 opem,
936 1197 974 1257 59
987 1188 1152 1260 praesertim
1172 1198 1250 1246 tanto
1271 1191 1328 1247 dis-

274 1285 359 1332 emlus
379 1273 529 1331 interuallo.
1291 1340 1300 1349 ¹

336 1364 473 1430 Maxime
494 1374 773 1431 commemorandus
788 1384 832 1431 est
853 1374 902 1433 hic
922 1378 1010 1448 locus,
1034 1398 1094 1455 quo
1109 1384 1239 1457 sequitur
1254 1403 1325 1442 con-

232 1470 413 1534 iunctionem
443 1468 533 1535 quod
561 1469 704 1527 ablativus
730 1472 890 1543 absolutus,
921 1476 970 1531 ubi
998 1495 1030 1533 re
1053 1496 1122 1535 vera
1150 1480 1220 1536 nihil
1247 1482 1327 1539 aliud

232 1574 419 1642 exspectatur
440 1566 495 1623 nisi
516 1566 638 1623 verbum
660 1567 788 1640 liniturn;
819 1569 932 1645 scripsit
958 1573 1036 1629 enim
1059 1573 1168 1633 Plinius
1188 1576 1327 1635 XXXVI

231 1679 270 1737 94
291 1662 443 1719 etiamnum
464 1664 514 1719 leoe
535 1664 628 1720 minus
649 1665 760 1730 mirum,
784 1686 868 1740 quam
890 1669 966 1741 quod
973 1669 1099 1743 flumine
1113 1674 1233 1729 medium
1248 1678 1326 1751 oppi-

232 1760 298 1817 dum
320 1762 498 1836 e'uteefluente,
522 1780 582 1838 quo
597 1761 671 1830 loce,
694 1781 785 1837 quam
799 1764 890 1822 libere
904 1777 1025 1842 usurpet
1039 1768 1149 1827 Plinius
1163 1772 1324 1846 participia,

230 1860 300 1917 satis
325 1861 549 1917 demonstratur.
592 1857 659 1926 Sed,
682 1859 767 1917 liceat
782 1861 853 1916 mihi
875 1862 932 1919 hoc
947 1882 1068 1940 quoque
1082 1867 1195 1936 afferre,
1218 1867 1327 1926 Plinius

230 1974 267 2013 eo
288 1958 423 2031 procedit
444 1956 578 2013 licentiae
608 1956 694 2012 huius
715 1965 885 2027 structurae,
916 1968 948 2016 ut
968 1962 1122 2038 participia
1149 1965 1230 2023 verbi
1251 1965 1327 2021 finiti

225 2054 294 2113 uice
322 2054 488 2130 fungantur.
527 2054 562 2110 ci.
585 2052 631 2109 IX
653 2067 690 2127 57
720 2054 812 2128 itaque
841 2055 885 2111 leis
911 2058 1048 2113 mensibus
1075 2061 1166 2116 tacent
1192 2061 1327 2135 speluncis

224 2151 339 2211 ¹eouale'li
357 2196 362 2209 .
386 2197 391 2208 .
414 2197 419 2207 .
444 2150 568 2207 maxime
587 2151 730 2226 hippurus,
753 2165 777 2206 et
792 2154 917 2208 coracini
934 2154 1021 2210 lu'eme
1037 2151 1102 2211 nou
1113 2159 1191 2232 capti
1201 2156 1325 2233 praeter·

229 2269 314 2324 quam
334 2252 414 2307 statis
434 2250 528 2305 dubus
540 2250 661 2325 paucis,
684 2249 721 2322 58
737 2264 761 2303 ee
781 2249 891 2323 alioqui
901 2259 987 2307 lotum
1003 2272 1078 2309 mare
1097 2256 1180 2310 sentit
1199 2266 1324 2313 exortum

229 2348 287 2404 eius
306 2349 409 2417 se'dem's,
431 2348 507 2422 quod
525 2347 650 2403 maxime
671 2349 700 2401 iu
722 2346 844 2421 Bosporo
865 2358 998 2422 apparet,·
1022 2350 1088 2425 alga
1100 2353 1182 2415 ¹euim
1197 2364 1223 2408 et
1235 2356 1326 2427 pisces

227 2448 440 2519 superferuntur,
474 2445 621 2518 omniaque
641 2443 676 2499 ab
698 2444 753 2499 imo
776 2463 872 2512 uersa,·
903 2443 938 2501 61
963 2446 1107 2503 asellorum
1135 2449 1189 2505 a'uo
1209 2470 1322 2525 genera,

228 2540 343 2597 eallom‘a
370 2542 486 2597 minores
515 2551 541 2597 et
564 2541 668 2609 baecle',
699 2542 753 2614 que]
777 2561 832 2597 uon
854 2543 913 2598 nisi
931 2543 961 2599 iu
992 2544 1047 2600 allo
1078 2546 1233 2620 capiuntur,
1263 2548 1322 2604 ideo

223 2638 348 2714 praelati
381 2638 542 2713 pnan'lus;
577 2638 736 2713 plusianus
780 2659 840 2695 uero
889 2641 1024 2697 e'eeteeemit
1062 2643 1121 2698 uisi
1145 2642 1324 2718 pulverantes

226 2756 291 2809 sese3
327 2738 373 2794 XI
403 2753 459 2811 255
495 2738 632 2793 lome‘uem
667 2738 719 2811 qui
743 2738 942 2793 eanimurum
981 2740 1078 2796 labere
1109 2732 1324 2818 (taloslsaeile

226 2836 351 2903 conuicti,
387 2836 403 2891 i.
435 2855 459 2892 e.
491 2836 712 2893 convincuntur.
776 2834 853 2910 Ergo
892 2836 1023 2912 plurimis
1061 2838 1105 2895 bis
1142 2838 1213 2897 locis
1254 2841 1322 2915 parss

226 2932 357 3007 ticipium
379 2933 500 3009 perlecti
514 2951 577 2989 non
591 2932 649 2989 iam
664 2951 695 2989 re
711 2950 779 2988 vera
793 2934 916 3007 praebet
930 2920 1052 3007 perfecti
1067 2922 1320 3011 significationem,

227 3032 280 3088 sed
302 3040 345 3088 est
366 3031 494 3105 positum
524 3048 578 3104 pro
610 3030 763 3085 enuntiato
792 3030 921 3098 relative,
951 3032 1033 3088 cuius
1061 3032 1265 3106 praedicatum
1292 3036 1322 3091 in

225 3129 388 3207 praesentis
410 3138 543 3204 tempore
565 3138 615 3186 est.
667 3129 735 3185 Hac
756 3129 963 3188 observatione
990 3129 1071 3186 nisus
1093 3112 1174 3185 illum
1201 3149 1322 3207 quoque

226 3226 323 3284 locum
351 3228 474 3283 dubium
502 3228 674 3301 interpreter
700 3226 746 3281 IX
779 3242 842 3293 111,
873 3226 923 3282 ubi
952 3245 1056 3283 omnes
1086 3235 1202 3300 praeter
1229 3247 1322 3285 unum

226 3327 369 3400 praebent
390 3326 522 3382 codices:
546 3324 602 3383 eliis
622 3325 709 3399 captis
722 3322 810 3396 faeele
830 3332 929 3379 celeras
943 3323 1075 3399 palantes
1085 3324 1185 3379 retibus
1206 3324 1320 3396 includi,

227 3422 311 3478 mullo
341 3423 438 3479 deiude
467 3422 578 3477 almetas
606 3420 662 3477 sale
692 3422 721 3477 e'u
754 3422 827 3475 uasis
848 3420 997 3493 fertilibus,
1030 3440 1098 3478 curn
1123 3422 1154 3477 ln
1176 3423 1196 3478 d
1218 3423 1323 3480 codice

227 3521 369 3598 (Parisino
379 3539 455 3577 saec.
472 3519 563 3597 XIII)
579 3520 722 3595 legamus:
749 3504 834 3575 multo
849 3518 947 3574 deinde
960 3520 1058 3575 obruta
1072 3519 1129 3575 sale
1143 3528 1207 3591 etc,
1230 3537 1321 3594 quern

225 3637 353 3675 errorem
384 3618 467 3676 facile
489 3637 525 3675 ea
553 3636 584 3674 re
615 3626 711 3674 ortum
742 3634 814 3684 esse,
847 3616 942 3694 (quod
973 3618 1150 3674 vocabulum
1180 3617 1322 3675 obrutas

225 3717 293 3773 exiit
313 3717 344 3772 in
365 3716 490 3773 litteram
511 3734 524 3772 s
547 3724 636 3790 atque
657 3732 785 3789 sequens
806 3714 983 3770 vocabulum
1003 3713 1077 3769 sale
1097 3714 1197 3789 incipit
1211 3716 1249 3771 ab
1265 3714 1321 3774 hac

227 3812 342 3891 littera),
359 3814 597 3871 verisimillimum
618 3820 670 3881 est,
692 3814 732 3869 ita
754 3820 786 3868 ut
803 3830 821 3868 a
836 3811 931 3868 scriba
945 3812 1036 3869 altera
1050 3831 1064 3869 s
1079 3811 1173 3870 littera
1186 3812 1320 3888 neglecta

226 3911 268 3967 sit.
313 3911 390 3987 Ergo
411 3912 497 3968 lectio
519 3920 684 3968 ceterorum
705 3910 843 3967 codicum
874 3919 951 3966 recta
982 3927 1046 3966 esse
1074 3909 1196 3966 videtur.
1243 3910 1319 3969 Cum

226 4016 325 4065 autem
346 4008 404 4065 hoc
430 4009 495 4065 loco
526 4009 649 4065 verbum
678 4010 782 4064 deesse
812 4014 936 4081 putaret,
967 4006 1094 4062 coniecit
1115 4006 1319 4082 Detlefsenus:

216 4104 310 4183 'mullo
331 4105 429 4161 deiude
455 4106 537 4162 oberei
559 4126 605 4161 eas
628 4104 691 4174 sale,
722 4124 798 4180 quae
827 4105 996 4161 coniectura
1022 4122 1057 4161 ea
1086 4122 1116 4160 re
1143 4104 1214 4159 mihi
1243 4115 1320 4163 recta

225 4220 285 4258 non
307 4221 370 4260 esse
403 4204 523 4272 videtur,
557 4205 639 4280 quod
667 4222 777 4259 novum
807 4203 972 4260 subiectum
997 4201 1154 4259 accusativi
1186 4218 1254 4257 cum
1275 4201 1319 4259 in·
1358 4207 1361 4211 ’

225 4300 337 4357 linitiva
358 4320 420 4357 non
442 4311 635 4376 exspectatur,
659 4302 750 4357 immo
766 4319 835 4357 vero
851 4301 1001 4358 tolerabile
1016 4318 1078 4357 non
1096 4308 1139 4356 est
1154 4317 1319 4374 pronomen

221 4406 309 4467 ,‚eas“
331 4400 361 4455 in
382 4418 437 4456 usu
459 4399 601 4465 Pliniano,
636 4400 693 4473 qui,
724 4407 866 4472 utsupra
888 4398 1127 4467 commemoravi,
1149 4398 1320 4473 saepissime

1323 634 1330 686 ;
