3242 5209
770 433 945 486 ..28-

309 606 453 671 Cicerone
474 608 608 666 adhibita
629 618 698 667 ante
720 609 906 685 participium
928 611 1015 668 futuri
1036 611 1152 687 passivi,
1182 612 1265 688 quod
1291 601 1404 683 dicitur,

309 707 347 763 de
368 704 417 762 fin.
434 720 459 780 5,
482 704 521 763 68
540 707 569 763 si
586 708 681 763 omnia
704 707 760 776 illa,
783 698 855 783 quae
873 718 939 765 sunt
951 718 1039 779 extra,
1061 711 1402 786 quamquamexpetenda,

307 821 414 859 summe
436 804 505 861 bono
524 804 733 871 continerentur,
758 806 882 863 fortasse
896 824 935 863 ne
949 807 1072 863 verbum
1092 816 1175 863 suut
1194 808 1320 876 iteretur,
1343 826 1404 883 quo

309 900 435 970 accedit,¹
454 902 536 976 quod
557 920 596 958 ne
617 920 635 959 a
656 900 739 959 Livio
761 902 891 978 quidem,
914 904 996 977 quod
1018 922 1074 979 ego
1095 904 1226 973 viderim,
1248 911 1405 979 usurpatur

308 982 476 1054 coniunctio
506 1018 709 1073 quamquam
738 1008 807 1056 ante
837 999 1022 1074 participium
1043 1001 1150 1075 posita;
1179 1001 1260 1058 unde
1281 1008 1405 1077 apparet

308 1093 442 1164 Plinium,
465 1094 515 1171 qui
536 1094 684 1153 nonnullis
706 1095 776 1153 locis
799 1105 928 1155 versatur
949 1096 979 1152 in
1002 1097 1061 1154 hoc
1081 1116 1145 1163 usu,
1173 1098 1267 1155 multo
1288 1097 1405 1155 auxisse

308 1191 386 1249 hanc
407 1192 661 1259 consuetudinem,
684 1211 751 1251 cum
766 1193 919 1269 participia
933 1193 1064 1252 adnectit
1078 1194 1123 1253 his
1138 1195 1403 1264 coniunctionibus

308 1288 356 1345 ubi
379 1298 584 1364 exspectamus
606 1291 728 1347 verbum
750 1290 874 1360 linitum,
899 1303 991 1367 quare
1022 1291 1111 1348 etiam
1132 1292 1257 1350 efficitur
1276 1291 1404 1349 brevilo-

308 1385 429 1460 quentia
450 1387 607 1461 quaedam,
626 1405 719 1462 quam
741 1405 830 1462 supra
849 1388 962 1462 negavi.

309 1508 497 1559 quamquam:
523 1483 661 1541 XXXVI
684 1482 720 1541 62
751 1505 920 1559 quamquam
952 1494 977 1541 et
1003 1485 1102 1542 Metui
1124 1504 1255 1554 nascens,·
1290 1484 1366 1541 XVI
1389 1501 1405 1558 7

348 1580 448 1635 cedunt
466 1580 510 1637 lris
531 1580 649 1637 murales
666 1580 833 1655 uallaresque
854 1592 881 1637 et
899 1602 1006 1651 aureae,
1028 1602 1198 1657 quamquam
1213 1582 1304 1658 pretio
1325 1590 1403 1638 aute·

348 1677 484 1747 cedentes,·
515 1677 543 1733 V
568 1692 602 1751 15
624 1698 794 1753 quamquam
816 1680 928 1735 hr'beruo
949 1688 1066 1755 tempore
1086 1691 1214 1755 conperta·
1244 1694 1281 1754 53
1303 1698 1403 1754 quam·

321 1792 324 1800 ’
347 1793 431 1848 priam
454 1774 554 1850 rapida
575 1774 726 1843 eeleritate,·
749 1777 787 1847 84
809 1795 857 1831 nec
878 1776 982 1844 resistit,
1005 1794 1174 1851 quamquam
1196 1775 1259 1832 XII
1281 1776 1324 1831 M
1325 1788 1403 1851 pass,

347 1869 487 1927 tutetutr'ne
501 1870 674 1946 praeualens.
1336 1932 1341 1940 ,

319 1998 327 2007 ι
414 1967 569 2025 Praeterea
594 1969 664 2025 inde
685 1963 869 2027 a'Cicerone
899 1970 1069 2027 coniunctio
1100 1957 1135 2026 ut
1161 1979 1230 2027 ante
1251 1970 1403 2045 participia

307 2066 380 2137 poni
401 2074 509 2139 coepta
530 2074 581 2123 est.
604 2067 638 2123 cf.
663 2062 721 2124 Cic.
745 2066 801 2123 inv.
828 2083 850 2134 1,
877 2084 911 2142 19
938 2068 1063 2124 narratio
1089 2076 1127 2123 est
1151 2088 1240 2123 rerum
1262 2055 1402 2143 gestarum

307 2161 358 2223 aut
378 2171 409 2218 ut
427 2160 566 2237 gesturum
595 2164 747 2237 expositiu-
778 2164 838 2221 Att.
867 2182 892 2232 2,
919 2165 961 2231 18,
985 2182 1002 2239 3
1025 2186 1067 2221 me
1096 2176 1181 2231 tueor,
1214 2174 1245 2221 ut
1273 2166 1404 2240 oppressis

307 2258 441 2328 erunibus,
463 2280 518 2317 non
541 2258 662 2326 demisse,
686 2270 717 2317 ut
736 2262 822 2318 tantis
843 2262 920 2318 rebus
937 2263 1019 2337 gestes
1033 2245 1138 2338 purum
1151 2264 1270 2337 fortiter.
1311 2262 1402 2320 Porro

307 2374 323 2413 e
346 2356 479 2414 Caesaris
500 2356 579 2415 libris
601 2358 662 2414 duo
684 2358 845 2416 afferuntur
864 2359 928 2416 loci.
960 2360 995 2416 cf.
1018 2361 1045 2416 b.
1066 2380 1092 2435 g.
1116 2358 1231 2438 11118,
1254 2377 1273 2432 4
1294 2358 1404 2415 laetr'ut

306 2453 450 2528 euplorutn
473 2454 588 2511 ur‘ctoriu
607 2457 753 2511 sarmentis
766 2455 944 2531 virgultisque
964 2456 1079 2514 collectis
1100 2502 1105 2513 .
1129 2502 1134 2513 .
1157 2502 1163 2513 .
1185 2457 1227 2513 ad
1237 2465 1401 2531 castroper·

303 2559 389 2625 gunt;
420 2551 448 2606 V
470 2567 516 2625 43,
548 2568 563 2607 2
595 2552 680 2608 leostes
710 2598 715 2609 .
822 2554 906 2609 sr'cnti
926 2562 1014 2628 parter
1050 2555 1108 2610 iarn
1142 2562 1224 2627 utque
1257 2552 1402 2627 explorata

308 2648 423 2713 nt'etorio
444 2658 530 2705 tunes
552 2694 557 2705 .
581 2694 585 2705 .
610 2696 615 2706 .
638 2649 777 2706 ascendere
791 2661 940 2725 coeperunt.
983 2651 1073 2727 Apud
1089 2651 1204 2707 Livium
1215 2650 1401 2707 usitatissima

307 2754 350 2802 est
373 2746 444 2802 haec
460 2756 603 2803 structura
617 2746 845 2825 grammatica¹).
889 2747 1063 2804 EPlinianis
1074 2748 1152 2805 libris
1167 2765 1402 2804 commemorare

305 2842 376 2898 inihi
398 2842 484 2899 liceat
506 2842 561 2899 hos
582 2842 676 2900 locos:
700 2844 730 2899 11
757 2846 807 2900 181
833 2845 876 2900 nd
893 2864 1017 2900 occasum
1040 2844 1204 2918 nauigantes
1219 2888 1225 2899 .
1242 2888 1247 2899 .
1264 2888 1270 2899 .
1288 2843 1403 2899 otucunt

304 2940 396 3013 spatia
427 2948 575 2995 noeturnae
606 2941 794 3015 nauigationis
825 2950 856 2997 ut
883 2941 965 2997 solem
994 2943 1083 3016 ipsum
1112 2942 1284 3012 eomitante53
1313 2939 1342 2995 V
1364 2954 1398 3013 51

305 3035 394 3093 Nilus
414 3036 523 3091 incertis
544 3045 617 3092 ortus
629 3038 758 3111 flantibus
780 3047 810 3093 ut
823 3049 878 3112 per
897 3039 998 3094 deserto
1019 3047 1045 3093 et
1069 3038 1197 3094 ardente'u
1224 3046 1250 3093 et
1270 3038 1402 3093 inmenso

304 3132 488 3208 longiiudirus
507 3135 596 3209 spatio
617 3134 771 3191 ambulant.
1371 3121 1374 3125 ¹

323 3265 325 3280 t
413 3230 476 3287 Iarn
498 3224 551 3288 has
566 3233 738 3306 pertractavi
754 3232 976 3289 coniunctiones
990 3251 1089 3307 neque
1103 3232 1161 3289 ulla
1176 3250 1277 3289 earum
1291 3231 1402 3288 intacta

304 3328 403 3385 relicta
425 3338 476 3397 est,
491 3324 494 3327 ’
508 3348 585 3403 quae
614 3330 776 3387 exstiterim
806 3331 887 3404 apud
909 3329 1085 3387 Ciceronem
1115 3329 1299 3404 omninoque
1320 3328 1401 3403 apud

305 3426 459 3500 scriptores
481 3426 624 3483 classicos
668 3426 754 3499 Quae
783 3428 924 3502 deinceps
945 3435 1115 3502 sequuntur,
1147 3444 1251 3483 omnes
1272 3426 1401 3500 primum

304 3522 492 3579 inveniuntur
513 3523 542 3579 in
564 3523 642 3580 libris
664 3523 799 3593 LivianiS,
822 3533 854 3581 ut
875 3526 905 3580 in
926 3524 972 3581 lris
993 3524 1134 3598 exemplis
1156 3531 1299 3597 appareat
1319 3522 1400 3596 apud

270 3628 273 3641 ·
305 3620 431 3676 Plinium
452 3639 522 3679 usus
545 3620 690 3678 Livianus.
734 3621 852 3678 Praeter
874 3621 975 3679 allatas
998 3620 1223 3678 coniunctiones
1245 3620 1303 3676 hae
1325 3638 1400 3695 quo·

304 3711 362 3793 que
384 3718 600 3793 coniunguntur
622 3737 689 3775 curn
710 3718 883 3793 participiis:
1130 3789 1134 3800 .

303 3808 397 3879 velut:
418 3815 572 3872 XXXVII
592 3815 646 3872 128
662 3815 748 3872 ueluti
754 3828 807 3891 per
819 3835 919 3872 aurrnn
934 3817 1037 3872 sancero
1052 3814 1128 3871 melle
1148 3801 1296 3870 tralucente
1303 3835 1317 3883 ,·
1344 3814 1399 3871 188

345 3914 417 3970 uelut
436 3934 505 3970 auro
526 3914 637 3969 hareru's
657 3913 805 3983 admenta·
841 3930 890 3986 191
917 3913 1039 3970 velutin
1054 3922 1136 3987 petru
1157 3913 1286 3969 candidus
1307 3912 1401 3969 mani·

343 4010 393 4065 bus
414 4011 487 4067 inter
503 4031 530 4067 se
551 4010 713 4085 compleris,¹
740 4026 793 4085 195
826 4011 899 4066 uelut
923 4011 1009 4085 pastus
1039 4019 1156 4066 uenturae
1185 4009 1399 4065 nduu'rotiouem

343 4108 373 4163 iu
395 4108 430 4163 iis
452 4097 649 4175 venditante&
671 4106 780 4164 XXXI
798 4114 844 4180 '32
873 4107 950 4163 uelut
974 4107 1016 4162 ud
1042 4094 1186 4181 infinitum
1216 4091 1309 4162 coneto
1334 4105 1398 4161 sub·

342 4194 467 4272 tr'litote,·¹
491 4204 522 4259 II
545 4220 601 4260 202
630 4194 703 4259 uelut
722 4193 810 4278 paria
839 4193 927 4260 secum
943 4205 1064 4277 faciente
1089 4191 1212 4273 nutura,L
1246 4219 1303 4276 221)
1326 4201 1404 4259 Padi

414 4418 436 4479 1)
455 4420 485 4468 cs.
505 4419 536 4469 E.
557 4418 747 4482 Guethlinqum
765 4418 781 4470 l.
801 4418 818 4469 1.
838 4427 863 4467 et
890 4421 924 4470 A.
944 4420 1100 4481 Draegerum
1124 4418 1142 4469 1.
1163 4418 1181 4470 l.
1201 4420 1228 4466 11
1247 4434 1272 4482 p.
1292 4418 1343 4481 786
1357 4434 1397 4482 sq.
