3242 5209
764 447 938 510 „38-

617 683 725 789 b)'De
746 712 894 770 casibus
915 711 1088 789 obliquis.

412 877 480 936 Hos
501 896 623 954 quoque
644 896 729 936 casus
749 898 768 936 a
782 878 878 936 Plinio
897 878 1047 955 neglectos
1068 896 1131 934 non
1152 895 1216 934 esse
1237 876 1297 933 iam
1317 894 1406 951 supra

304 975 406 1054 paucis
428 975 496 1033 dixi.
540 976 600 1033 Eos
621 983 721 1033 autern
743 976 878 1033 omittam
899 975 988 1044 locos,
1020 975 1127 1051 quibus
1155 993 1192 1032 ex
1214 973 1404 1031 circumstan-

305 1074 381 1131 tibus
402 1072 554 1131 vocabulis
584 1071 654 1129 satis
684 1071 812 1148 intellegi
842 1062 948 1148 potest,
979 1071 1062 1147 quod
1092 1089 1185 1147 genus
1215 1070 1405 1132 statuendum

303 1156 348 1228 sit.
391 1169 488 1228 Multo
509 1168 627 1229 liberius
648 1177 692 1228 est
713 1169 832 1227 dicendi
852 1187 945 1245 genus
967 1168 1115 1245 scriptorIS
1136 1168 1181 1226 his
1202 1167 1286 1225 locis:

413 1284 552 1343 Genetivi
567 1284 703 1360 exempla
712 1292 830 1360 praeter
843 1283 1012 1361 genetivum
1026 1284 1197 1359 partitivum
1211 1282 1290 1340 velut
1304 1282 1406 1358 quid·

307 1381 512 1459 quidboni,
543 1400 621 1457 quae
650 1382 839 1441 usitatissima
868 1390 937 1440 sunt
966 1383 1048 1457 apud
1076 1381 1231 1457 scriptores
1259 1379 1405 1447 classicos

307 1478 378 1536 mihi
399 1498 461 1537 non
482 1489 672 1537 occurrerunt
691 1479 721 1536 in
743 1479 869 1537 naturali
891 1478 1019 1537 historia.

415 1592 558 1650 Dativum
588 1612 689 1651 casum
711 1592 756 1651 his
782 1593 854 1651 locis
875 1592 1041 1650 invenimus
1063 1591 1094 1647 ΙΙ
1118 1607 1134 1647 2
1157 1590 1287 1665 infinitus
1307 1610 1341 1646 ac
1362 1590 1407 1645 in·

299 1686 389 1763 finito
408 1689 509 1746 similis
530 1687 614 1767 (est);
645 1690 715 1748 ibid.
747 1691 873 1748 omnium
901 1710 991 1747 retum
1012 1698 1098 1746 certus
1125 1697 1151 1744 et
1171 1686 1272 1744 similis
1292 1688 1407 1755 incerta·

312 1802 365 1844 102
388 1806 468 1843 omne
487 1787 564 1862 quod
581 1788 667 1845 inani
692 1774 782 1845 simile
802 1787 915 1845 vitalem
946 1787 1020 1843 hunc
1046 1786 1174 1860 spiritum
1187 1784 1298 1858 fundit,
1331 1801 1408 1858 quae

304 1883 430 1967 'quidem
452 1885 588 1960 exempla
609 1904 645 1944 ea
666 1903 698 1943 re
718 1886 890 1944 excusanda
911 1893 987 1954 sunt,
1010 1886 1092 1961 quod
1113 1884 1208 1960 agitur
1228 1883 1267 1940 de
1289 1900 1319 1939 re
1340 1881 1407 1957 phi·

308 1980 462 2057 losophica
481 2000 581 2058 neque
612 2000 675 2039 non
696 1982 794 2041 multis
815 1982 894 2052 locis
927 1992 960 2039 ut
989 1982 1049 2039 iam
1079 1999 1169 2056 supra
1198 1979 1407 2047 demonstravi,

308 2079 492 2154 reperiuntur
512 2079 542 2136 in
564 2080 678 2158 scriptis
703 2080 915 2156 philosophicis
937 2079 1146 2148 Ciceronianis
1178 2078 1285 2154 quibus
1307 2094 1407 2135 exem·

309 2175 363 2250 plis
384 2175 443 2232 hoc
464 2193 585 2251 quoque
607 2175 797 2234 adiciendum
819 2171 864 2234 θεῖ
883 2175 977 2234 XVII
999 2174 1037 2249 48
1068 2175 1158 2232 omnis
1187 2182 1279 2230 autem
1309 2191 1409 2248 marga

308 2280 388 2329 arato
410 2270 505 2349 (agro)
527 2272 668 2330 inicienda
689 2282 733 2331 est.

305 2394 307 2399 “
417 2386 586 2445 Ablativum
608 2405 710 2445 casum
731 2386 775 2446 his
796 2387 919 2464 legimus
941 2387 1013 2445 locis
1034 2395 1124 2463 atquc
1138 2386 1266 2462 primum
1287 2384 1409 2460 quidem

236 2505 238 2509 ·
310 2482 340 2539 id
361 2483 444 2559 quod
465 2483 524 2567 iam
545 2485 669 2558 praebet
690 2484 794 2543 Cicero

311 2616 423 2670 medlo:
461 2604 617 2663 XXXVII
652 2606 706 2681 183
743 2608 888 2665 reddit..
911 2652 917 2664 .
949 2607 1037 2664 medio
1066 2606 1250 2682 sanguineum
1281 2601 1409 2681 (sucum)

350 2721 458 2760 summo
479 2702 607 2772 octium·
629 2703 660 2761 II
682 2701 736 2779 67;
763 2716 827 2778 171.

220 2880 222 2884 .
310 2836 476 2904 profundo:
505 2825 631 2883 XXXII
657 2841 712 2899 143
735 2846 804 2901 quae
818 2827 961 2901 profundo
985 2836 1088 2883 natura
1109 2826 1214 2894 mersit·
1246 2824 1278 2882 II
1301 2839 1357 2897 203
1380 2824 1410 2879 in

352 2921 446 2979 eadem
468 2932 494 2979 et
513 2923 645 2998 oppidum
677 2924 808 2980 haustum
823 2924 974 3000 profundo.
1016 2924 1132 2981 Afferre
1155 2923 1244 2981 etiam
1274 2921 1360 2978 liceat
1381 2920 1411 2976 id

353 3020 435 3095 quod
457 3019 609 3096 proprium
631 3029 676 3078 θεῖ
690 3021 788 3078 Plinii:
811 3021 967 3094 XXXVII
983 3021 1021 3097 89
1037 3020 1112 3079 nihil
1129 3022 1159 3078 in
1173 3039 1225 3076 sua
1246 3019 1306 3076 tede
1327 3019 1410 3075 inter·

149 3163 152 3167 .
254 3184 256 3190 Ι
304 3193 306 3199 Α
344 3116 452 3191 pullati
470 3115 559 3175 alieno
573 3118 674 3194 placet.

418 3229 582 3290 Videamus
603 3249 682 3289 nunc
705 3250 741 3290 ea
762 3232 915 3303 adiectiva,
948 3252 1026 3310 quae
1056 3232 1306 3292 substantivorum
1337 3240 1411 3290 tcm-

244 3338 246 3345 '
305 3346 386 3403 ‘pora
407 3327 634 3404 significantium
655 3327 767 3418 vicibus
789 3330 956 3407 iunguntur.

419 3439 582 3499 Genetivus
613 3460 697 3500 casus
718 3443 776 3501 hoc
797 3434 939 3520 probetur
959 3444 1025 3502 loco
1047 3443 1108 3502 VII
1134 3460 1197 3520 loo,
1218 3445 1270 3501 ubi
1291 3451 1348 3502 est:
1380 3463 1413 3500 ac

313 3536 439 3614 duplicat
451 3538 556 3596 obituri
567 3539 684 3597 dolorem
699 3540 782 3597 etium
791 3550 857 3615 post
861 3541 961 3615 sutun'
971 3541 1170 3607 aestimatione,
1193 3543 1276 3617 quod
1291 3541 1412 3617 quidem

313 3636 492 3695 adlectivum
513 3637 695 3696 substantive
716 3638 850 3713 usurpari
870 3657 889 3695 a
909 3638 993 3697 Livio
1014 3657 1103 3715 supra
1122 3638 1182 3696 iam
1203 3638 1338 3696 diximus,

420 3750 575 3809 AblatIvus
596 3769 680 3810 casus
701 3752 830 3827 prImum
851 3752 932 3827 apud
952 3751 1078 3809 Plinium
1099 3752 1144 3809 his
1165 3752 1253 3809 locis:
1275 3751 1354 3808 XIX
1375 3765 1412 3826 37

314 3848 461 3905 tenerrima
483 3846 610 3925 (tubera)
632 3858 723 3916 autem
754 3868 836 3906 verno
857 3868 928 3918 θεῖς
958 3848 1006 3905 XI
1028 3846 1066 3906 86
1088 3850 1245 3918 matutino,·
1276 3850 1345 3907 item
1367 3850 1414 3907 IX

230 3932 250 3964 ’“
315 3944 353 4020 36
374 3954 456 4021 atque
477 3955 508 4002 ut
527 3956 648 4003 remeant
668 3947 825 4015 matutino;
846 3946 893 4003 XI
919 3945 986 4019 1163
1013 3946 1080 4021 198;
1102 3945 1257 4004 XXXVII
1280 3961 1330 4020 51;
1352 3947 1414 4005 VII

319 4041 381 4100 181.
424 4042 516 4100 Addo
537 4042 650 4116 II‘240
681 4044 750 4101 viret
778 4052 886 4100 aeterno
908 4087 914 4100 .
937 4089 943 4101 .
967 4088 973 4100 .
1000 4052 1140 4119 contegens
1150 4043 1300 4117 fraxinus,
1332 4044 1414 4120 quod

316 4139 437 4218 quidem
467 4148 623 4198 aeterno
649 4140 709 4198 iam
730 4149 825 4199 exstat
855 4141 886 4197 in
915 4141 1051 4199 orati0ne
1080 4140 1286 4216 philosophica
1316 4143 1415 4216 neque

315 4238 445 4296 insolens
466 4237 524 4295 dici
545 4245 651 4313 potest.
