3242 5209
673 435 848 487 ..41-

250 598 298 655 III
321 614 347 671 3.
378 600 414 656 cf.
438 598 497 657 Cic.
530 600 570 657 ad
592 599 651 656 Att.
679 615 721 672 13,
745 616 783 656 20
814 599 1007 673 quidquamne
1033 618 1075 657 rue
1099 607 1187 673 putas
1214 618 1310 654 curare

249 696 280 752 in
300 703 378 764 toto‚·
407 696 447 753 de
474 703 586 753 cetero:
618 695 727 753 XXXI
750 708 787 770 37
817 695 850 752 de
878 704 960 753 cetero
990 715 1128 771 aquarum
1154 694 1310 754 salubrium

248 804 332 869 sapor
350 793 448 852 odorve
469 792 562 850 nullus
582 813 636 850 esse
656 793 750 863 debet;
772 793 819 869 85.
848 794 883 851 cf.
906 792 966 852 Cic.
988 793 1097 852 defin.
1123 809 1146 862 1,
1170 806 1196 868 7,
1218 792 1258 851 26
1279 794 1311 851 de

250 898 332 947 cetero
360 889 453 948 uellem
483 890 606 967 eqrezdem
635 900 687 948 aut
716 891 771 967 ipse
801 890 933 949 doctn'm's
943 892 1046 966 suisset
1073 891 1250 960 instructior;
1280 890 1311 947 in

249 986 375 1046 incerto:
398 988 429 1045 II
448 1001 502 1063 173
518 989 616 1045 oceani
627 988 729 1063 rapina
744 988 774 1045 in
790 988 949 1057 tuernout,
970 990 1052 1065 quod
1066 988 1183 1065 saepius
1197 987 1312 1064 scripsit

249 1084 365 1143 Sallust.
407 1086 442 1145 cf.
465 1085 527 1162 Iug.
551 1084 589 1159 38
611 1094 749 1161 postremo
768 1088 868 1162 fugere
898 1106 936 1144 an
968 1107 1086 1153 manere,
1118 1087 1204 1143 tutius
1224 1087 1309 1162 foret,

250 1182 280 1239 iu
302 1181 402 1239 incerto
423 1190 503 1252 erat,·
525 1201 542 1240 e
563 1181 723 1241 contrario:
745 1181 903 1241 XXXVII
924 1198 962 1257 33
983 1204 997 1239 e
1017 1184 1154 1241 contran'o
1184 1204 1221 1240 ex
1246 1183 1311 1259 gelu

249 1299 283 1336 ac
304 1280 415 1337 niuibus
435 1279 628 1338 saluberrimos
640 1289 726 1356 potus
739 1280 927 1356 praedicar&
957 1279 1019 1337 VII
1040 1296 1087 1356 99.
1129 1281 1165 1338 cf.
1188 1279 1248 1340 cic.
1262 1262 1311 1339 ¹de

249 1378 308 1434 inv.
331 1393 357 1447 2,
379 1378 406 1447 8,
429 1391 467 1452 25
489 1378 613 1454 defensor
630 1388 722 1435 autem
743 1380 780 1434 'ex
800 1378 937 1435 contrario
950 1378 1079 1454 primum
1101 1379 1183 1436 dieat.

293 1500 298 1509 '
318 1489 392 1549 Livii
413 1510 482 1550 usus
503 1491 534 1549 in
554 1492 600 1551 his
617 1510 793 1569 ¹comparere
814 1492 943 1550 videtur:

208 1603 240 1663 in
260 1606 442 1681 promiscuo:
474 1604 616 1663 XXXIII
639 1604 676 1664 26
705 1605 814 1682 singuli
832 1606 1003 1681 Marcipores
1022 1606 1202 1681 Luciporesue
1222 1607 1311 1664 domi·

250 1722 349 1773 reorum
366 1702 481 1779 gentiles
510 1722 618 1760 omnem
640 1703 742 1760 uictum
772 1704 803 1760 iu
819 1703 981 1779 promiscuo
1002 1703 1147 1762 habebant.
1190 1704 1226 1761 cf.
1248 1703 1311 1762 Liv.

251 1814 277 1874 7,
296 1814 330 1875 17
346 1800 429 1857 ettam
440 1800 607 1857 dictaturam
622 1800 680 1857 tam
695 1801 726 1857 in
734 1801 894 1875 promiscuo
903 1820 968 1874 esse;
982 1800 1013 1857 in
1025 1808 1153 1859 secreto:
1167 1800 1311 1859 XXXIII

249 1913 290 1970 4ο
309 1905 336 1953 et
364 1896 394 1953 in
423 1905 520 1954 secreto
542 1894 896 1975 margaui‘arumffssacculi
913 1918 927 1955 e
947 1896 1014 1955 collo
1042 1897 1221 1955 domz‘uarum
1242 1918 1311 1956 auro

250 1993 405 2068 dependent.
448 1994 484 2051 cf.
512 1993 574 2051 Liv.
597 1990 642 2063 26,
677 2009 713 2069 19
742 2003 768 2051 et
787 1993 953 2071 plerumque
981 1994 1056 2051 solus
1085 1996 1115 2051 in
1145 2002 1241 2052 secreto
1272 1995 1315 2052 ibi

250 2098 354 2165 tempus
374 2098 482 2163 tereret;
502 2089 533 2147 in
548 2091 703 2166 expedito:
726 2089 771 2147 IV
789 2107 841 2148 121
867 2112 900 2149 ue
920 2091 992 2167 quid
1005 2112 1061 2149 non
1082 2092 1113 2148 in
1128 2091 1253 2167 expedito
1266 2092 1310 2149 sit.

250 2187 285 2244 cf.
308 2185 370 2244 Liv:
393 2183 440 2261 36,
473 2184 509 2245 16
538 2187 569 2245 in
590 2188 716 2263 expedito
737 2188 869 2246 haberent
896 2189 1017 2265 integras
1045 2188 1139 2265 copias
1167 2189 1210 2245 ad
1234 2199 1311 2265 opem

241 2282 390 2357 ferendam
396 2303 403 2357 3
426 2302 463 2341 ex
484 2302 596 2360 aequo:
617 2284 646 2341 V
662 2298 698 2360 73
721 2286 751 2343 in
773 2285 845 2343 dcem
867 2307 904 2343 ex
922 2306 1008 2362 aequo
1022 2305 1207 2343 convenarum
1228 2285 1311 2343 turba

250 2381 409 2439 renascitur.
440 2382 475 2439 ci.
498 2380 560 2439 Liv.
583 2396 609 2457 7,
632 2380 670 2456 36
691 2383 744 2458 qui
761 2404 798 2440 ee
818 2403 904 2459 aequo
926 2403 975 2441 nos
994 2383 1096 2441 uertisse
1109 2383 1140 2441 in
1154 2382 1310 2440 amicitiam

250 2478 473 2536 meminissemus.

317 2575 401 2634 Plinii
421 2574 575 2652 proprium
595 2594 661 2635 esse
681 2576 810 2635 videtur:

208 2707 227 2748 e
247 2690 381 2748 diverso:
403 2689 542 2747 XXXIV
564 2706 602 2766 21)
622 2711 637 2748 e
656 2691 762 2749 diuerso
775 2690 891 2749 Annius
903 2691 1021 2750 Fetialr's
1041 2689 1154 2769 (tradit)
1160 2712 1167 2766 ;
1188 2692 1310 2749 XXXV

254 2802 322 2861 1133
344 2787 376 2844 ΙΙ
401 2801 469 2862 135;
495 2785 563 2861 1863
584 2787 613 2844 V
628 2784 709 2866 56¹);
730 2787 762 2845 in
783 2790 948 2847 confracto:
970 2788 1093 2847 XXXV
1111 2802 1164 2864 127
1186 2798 1309 2848 arte...

250 2884 403 2941 ostendente
422 2892 448 2941 et
467 2884 498 2941 in
518 2886 655 2960 confracto
674 2883 765 2942 solida
785 2884 891 2943 omnia.

210 3212 244 3287 d)
276 3215 333 3273 De
354 3214 556 3274 adiectivis
588 3214 788 3292 singularis
809 3216 962 3285 numeri,
994 3234 1012 3274 e
1041 3215 1171 3292 quibus
1199 3234 1310 3293 gene·

336 3310 432 3369 tivus
453 3310 510 3369 vel
532 3311 652 3369 dictio
673 3311 1016 3388 praepositionalis
1036 3312 1184 3389 pendet.

319 3483 411 3559 Apud
437 3482 574 3541 classicos
597 3483 754 3559 scriptores
776 3483 918 3542 orationis
938 3484 1092 3560 prosaicae
1113 3483 1312 3561 adiunguntur

208 3580 364 3639 adiectivis
385 3580 570 3639 substantive
590 3580 693 3657 positis
714 3599 777 3639 non
794 3580 851 3638 nisi
871 3581 1059 3658 pronomina.
1081 3582 1118 3639 cf.
1139 3580 1201 3639 Liv.
1227 3598 1250 3650 1,
1273 3598 1311 3657 29

209 3677 341 3735 ultimum
364 3676 454 3747 illud;
477 3693 523 3751 23,
545 3694 585 3753 49
606 3678 636 3735 iu
658 3698 686 3735 eo
701 3677 836 3754 publico,·
857 3695 884 3751 4,
908 3694 943 3752 13
965 3679 1043 3736 cuius
1063 3678 1162 3737 incerti
1180 3678 1309 3753 uanique,

209 3784 240 3834 et
261 3774 431 3833 numeralia.
454 3775 490 3833 cf.
512 3774 574 3833 Liv.
597 3788 623 3849 7,
647 3773 686 3833 26
707 3784 792 3833 cetera
807 3777 978 3846 necessaria·
1009 3791 1056 3850 23,
1081 3791 1118 3833 10
1143 3784 1228 3832 cetera
1249 3796 1310 3832 ma·

204 3871 317 3948 gnifica
341 3871 483 3946 promissa
504 3872 550 3929 vel
574 3870 727 3948 genetivus
747 3872 789 3930 ita
810 3873 941 3949 quidem,
962 3879 996 3931 ut
1015 3873 1073 3932 hac
1092 3871 1312 3931 constructione

208 3968 331 4027 alicuius
352 3968 394 4026 rei
414 3986 482 4044 pars
497 3977 647 4027 statuatur.
673 3970 710 4026 cf.
726 3969 1004 4028 Weissenbomium
1024 3972 1063 4028 ad
1084 3969 1146 4027 Liv.
1171 3986 1195 4039 1,
1218 3983 1261 4044 57,
1283 3986 1310 4045 9,

208 4065 261 4123 ubi
291 4065 428 4142 legimus:
461 4066 491 4122 in
523 4066 635 4123 aedium
665 4067 754 4124 medio
783 4068 927 4138 sedentem,
958 4069 999 4126 ad
1029 4069 1112 4143 quod
1142 4067 1311 4143 exemplum

190 4162 336 4221 *adnotat
364 4161 622 4222 Weissenbornius
662 4163 694 4221 in
724 4164 870 4223 editione:
912 4164 977 4223 Das
1006 4165 1145 4223 neutrum
1174 4163 1311 4223 adiectivi

320 4413 345 4477 1)
363 4412 394 4466 cs.
413 4411 434 4465 1.
454 4412 490 4465 H.
509 4400 692 4467 sommium
711 4411 848 4464 Antibarb.
867 4426 888 4465 ι.
906 4427 931 4468 ν.
951 4412 1090 4467 diversius.
