3242 5209
469 888 685 1017 Seriphon
713 914 773 994 de
801 913 902 995 vita
930 934 1031 994 sua.

311 1242 407 1299 Natus
428 1260 494 1299 sum
515 1242 720 1300 Ferdinandus
742 1226 874 1299 Gaillard
888 1260 914 1298 a.
930 1242 958 1298 d.
980 1248 1096 1297 sextum
1110 1240 1155 1297 Id.
1171 1240 1300 1299 Decem-

205 1344 271 1399 bres
301 1340 371 1398 anni
400 1339 714 1399 MDCCCLXXVIII
744 1339 775 1395 in
805 1338 918 1415 oppido
949 1339 988 1396 ad
1020 1338 1160 1396 Rhenum
1190 1339 1300 1396 flumen

205 1438 268 1504 sit0‚
292 1437 338 1494 cui
359 1455 471 1494 nomen
492 1445 537 1494 est
552 1436 733 1506 Molihemia‚
756 1444 840 1511 patre
855 1436 944 1493 Petro
964 1444 1058 1492 matre
1073 1436 1162 1492 Anna
1184 1444 1302 1511 egente

206 1536 332 1609 Sieberg‚
355 1552 430 1608 quos
451 1526 620 1608 superstites
642 1535 706 1591 esse
728 1533 856 1590 maxime
876 1532 1001 1607 gaudeo
1036 1531 1141 1589 Fidem
1161 1533 1304 1612 profiteor

147 1675 149 1681 .
207 1631 389 1689 catholicam.
433 1630 535 1707 Primis
566 1631 726 1687 litterarum
757 1629 910 1687 elementis
940 1629 971 1684 in
991 1629 1062 1685 ludo
1077 1630 1198 1704 'patriae
1218 1648 1303 1687 meae

208 1730 337 1786 imbutus
358 1746 431 1803 puer
451 1716 592 1785 tredecim
613 1746 760 1785 annorum
780 1726 967 1802 gymnasium
995 1726 1055 1783 adii
1077 1716 1303 1807 Molihemense‚
1379 1745 1381 1749 ’

208 1826 289 1883 cuius
310 1843 363 1900 per
384 1835 452 1883 octo
474 1844 569 1883 annos
590 1824 632 1881 fui
646 1825 789 1883 alumnus.
822 1823 999 1881 Maturitatis
1014 1824 1151 1900 examine
1165 1833 1304 1899 superato

209 1923 239 1979 in
267 1940 423 1979 numerum
445 1922 556 1984 civium
566 1922 805 1980 academicorum
827 1920 991 1995 adscriptus
1007 1921 1131 1978 Bonnae
1145 1940 1199 1997 per
1212 1940 1305 1978 unum

208 2027 349 2076 semestre
370 2019 447 2076 colui
468 2020 565 2077 studia
586 2012 760 2094 theologica,
792 2018 903 2075 deinde
926 2036 979 2092 per
999 2018 1132 2094 quinque
1153 2019 1306 2076 semestria

210 2134 332 2191 operam
353 2116 424 2175 dedi
445 2116 549 2175 studiis
576 2115 740 2191 philologis
772 2133 851 2190 quae
871 2132 920 2172 me
943 2115 1110 2171 docuerunt
1129 2115 1182 2171 viri
1196 2116 1305 2173 doctis·

210 2213 274 2270 simi
296 2213 448 2281 Bucheler‚
480 2212 612 2293 Usener,⁴
636 2212 724 2281 Elter,
756 2211 985 2279 Radermacher,
1016 2211 1160 2281 Solmsen,
1187 2212 1305 2281 Nissen,

211 2294 390 2379 Loeschche.
436 2310 518 2386 Regii
553 2309 768 2385 philologorum
803 2308 1005 2383 proseminarii
1027 2308 1192 2367 Bonnensis
1227 2330 1306 2369 eram

211 2406 318 2463 sodalis
348 2425 401 2482 per
422 2416 561 2482 quattuor
581 2406 739 2463 semestria.
783 2404 899 2479 Quibus
926 2404 1067 2462 absolutis
1097 2424 1165 2463 vere
1186 2406 1314 2465 ineunte
1366 2402 1372 2407 ’

212 2503 283 2561 anni
304 2502 450 2560 MCMIH
473 2504 591 2561 Almam
622 2502 819 2577 Philippinam
840 2502 1035 2559 Academiam
1065 2502 1307 2579 Marpurgensem

211 2601 309 2676 petivi,
336 2620 396 2676 quo
418 2601 484 2658 loco
505 2619 558 2676 per
578 2602 633 2658 tria
655 2601 806 2658 semestria
828 2600 999 2657 continuavi
1020 2601 1124 2670 studia,
1154 2621 1222 2659 cum
1244 2622 1307 2660 ma·

212 2697 306 2773 gistris
327 2715 396 2755 usus
427 2698 481 2755 sim
512 2698 578 2755 viris
600 2697 764 2755 clarissimis
787 2697 856 2761 Birt,
881 2696 990 2765 Maass
1023 2696 1122 2766 Niese‚
1154 2699 1204 2774 qui
1225 2699 1308 2756 beni·
1362 2753 1365 2758 .

215 2780 353 2869 gnissime
368 2794 571 2867 permiserunt,
602 2802 634 2849 ut
657 2793 818 2851 seminariis
837 2792 987 2868 philologo
1002 2792 1200 2870 historicoque
1220 2796 1309 2852 inter·

213 2894 317 2960 essem,
339 2901 491 2966 praeterea
501 2891 616 2960 Cohen,
638 2910 663 2947 v.
676 2892 703 2947 d.
717 2891 814 2967 Ropp,
837 2890 944 2965 quibus
962 2891 1102 2949 omnibus
1122 2893 1187 2949 viris
1198 2891 1310 2967 optime

155 3038 165 3067 ·.
215 2988 254 3043 de
289 3006 337 3045 me
372 2988 489 3057 meritis
524 2987 665 3063 imprimis
687 2988 788 3056 Bittio,
824 2988 874 3063 qui
903 2996 964 3045 tam
987 3006 1077 3063 saepe
1104 2990 1226 3047 consilio
1261 3008 1310 3047 me

151 3088 154 3094 '
216 3084 334 3151 adiuvit,
366 3086 513 3142 summam
534 3102 651 3159 semper
666 3076 790 3142 'habebo
821 3084 951 3159 gratiam.
995 3081 1129 3142 Examen
1151 3087 1311 3161 rigorosum

217 3182 291 3237 subii
313 3200 337 3237 a.
360 3182 388 3238 d.
411 3180 434 3237 I.
464 3181 535 3239 Idus
557 3181 739 3262 Decembres
761 3180 832 3237 anni
853 3179 1002 3238 MCMIV.
1093 3186 1100 3197 ‘
1147 3178 1151 3187 '
