3242 5209
767 433 939 486 ..24-

306 610 359 668 132
382 615 451 669 quae
473 603 584 651 uocatur
606 596 721 662 astrion,
754 595 881 672 crystallo
895 596 1068 672 propinqua,
1098 596 1128 651 in
1158 595 1244 652 India
1273 614 1399 663 nasccns,·

302 692 349 750 alii
371 693 427 749 loci
448 693 493 749 his
514 702 583 750 sunt
603 693 712 751 similes
734 694 814 751 velut
834 694 912 751 VIII
938 710 993 768 109
1021 694 1127 750 easdem
1148 703 1245 769 partes
1268 693 1325 750 sibi
1348 694 1404 767 ipsi

304 780 416 847 Pontici
433 799 582 866 amputant
592 791 672 865 febri
682 790 807 866 periculo
830 799 940 866 urgente
964 791 997 847 ab
1022 792 1073 847 hac
1098 810 1126 847 se
1148 792 1209 865 peti
1228 791 1318 866 gnari
1335 790 1352 847 i.
1375 809 1399 847 e.

211 888 214 905 '
302 888 384 964 quod
406 888 487 963 gnari
509 896 578 944 sunt
598 896 651 945 etc.
695 888 773 964 Ergo
794 887 941 964 appositio
962 888 1020 946 hoc
1041 888 1108 946 loco
1122 897 1216 946 exstat
1236 907 1291 963 pro
1306 906 1401 945 enun-

302 985 374 1041 tiato
395 984 513 1054 causali,
536 984 586 1060 qui
606 1002 677 1043 usus
698 985 791 1043 multo
806 984 911 1043 clarius
932 985 1021 1043 etiam
1036 985 1094 1043 hoc
1115 984 1253 1060 exemplo
1273 986 1400 1042 demon·

302 1076 430 1139 stratori
446 1081 540 1157 agitur
561 1083 600 1139 de
621 1082 706 1158 aquis
721 1082 865 1152 dulcibus,
887 1101 965 1158 quae
983 1082 1065 1141 iuxta
1086 1101 1167 1141 maie
1187 1092 1220 1139 ut
1239 1101 1277 1140 ex
1298 1081 1401 1140 fistulis

301 1179 475 1255 procedunt,
497 1198 575 1255 quae
590 1180 700 1246 dulces,
722 1189 754 1237 ut
769 1181 808 1239 ait
830 1180 947 1250 Plinius,
969 1181 1046 1237 mari
1063 1181 1234 1239 inuehuntur
1252 1180 1281 1257 (i.
1303 1198 1327 1237 e.
1351 1180 1402 1238 auf

300 1277 371 1353 (lem
392 1274 494 1334 Meere
515 1275 718 1359 schuimmen)
741 1278 852 1335 leuioris
872 1278 954 1335 haud
978 1278 1059 1335 dubie
1079 1279 1142 1335 ise
1165 1278 1248 1353 quod
1277 1277 1400 1335 leviores

301 1382 376 1441 sunt,
413 1392 489 1448 quoe
517 1374 691 1451 significatio
722 1374 812 1433 etiam
842 1375 982 1451 cognosci
1011 1382 1109 1450 potest
1139 1393 1176 1431 ex
1207 1374 1399 1451 sequentibus

301 1470 417 1539 verbis:
441 1470 499 1527 iiiia
520 1480 546 1527 el
571 1472 698 1528 mannae
722 1469 852 1550 (aquae),
883 1492 1001 1547 quarum
1030 1481 1132 1529 natura
1156 1474 1279 1547 grauior,
1310 1472 1401 1548 magis

302 1567 409 1624 inuecta
429 1568 565 1624 sustinent
584 1566 634 1645 (sc.
658 1587 747 1645 quam
769 1587 866 1645 aquae
887 1567 1010 1646 dulces).

415 1836 447 1915 b)
477 1838 671 1914 Appositi0
698 1838 972 1896 enuntiatorum
997 1838 1288 1895 concessivorum
1320 1873 1324 1878 ·

703 1936 787 1993 vice
812 1936 995 2012 fungitur.

409 2066 499 2123 Porro
522 2067 668 2142 appositio
690 2067 910 2124 enuntiatorum
933 2066 1172 2124 concessivomm
1191 2067 1255 2123 vice
1269 2067 1399 2141 fungitur

301 2164 345 2221 nis
367 2164 452 2221 locis:
484 2163 562 2220 VIII
588 2180 640 2220 112
664 2164 748 2221 cernis
768 2184 873 2238 quoque
893 2174 932 2220 esl
950 2184 1003 2221 sua
1024 2163 1209 2239 malignitas„
1225 2183 1397 2239 quamquam

297 2260 486 2336 placidusima
517 2260 685 2317 annualium
717 2262 733 2317 i.
757 2280 781 2317 e.
811 2279 995 2337 quamquam
1025 2260 1256 2336 placidissimum
1286 2261 1396 2318 animal

300 2367 356 2429 esl3
379 2358 532 2415 XXXVII
560 2356 614 2413 128
635 2358 687 2413 lias
707 2358 794 2414 Inidia
805 2360 875 2431 serf,
907 2378 1077 2432 quamquam
1100 2359 1130 2414 in
1152 2356 1258 2414 dua'fia
1280 2358 1399 2433 fragiles

301 2476 356 2513 nina
378 2459 523 2530 ingralas‚·
551 2470 607 2526 203
630 2454 759 2510 duueriin
781 2454 967 2530 Hispaniam,
991 2475 1149 2529 quacunque
1169 2454 1295 2511 ambitur
1313 2456 1395 2520 mari,

300 2572 470 2627 quamquam
496 2551 655 2627 squalidam
677 2572 713 2607 ex
727 2562 830 2626 parte,·
861 2552 971 2608 XXIII
1007 2569 1040 2608 12
1071 2552 1268 2609 salubern'mas
1291 2560 1399 2626 pulani

301 2650 402 2706 medici
422 2651 451 2705 ia
473 2648 581 2705 caelesti
592 2669 668 2723 aqua
688 2658 819 2714 simulac,
842 2650 1080 2706 eliamsiminznze
1094 2649 1251 2717 iucundas‚·
1274 2648 1336 2705 XII
1358 2665 1395 2720 42

291 2749 394 2821 frutex
423 2755 461 2802 esi
484 2746 570 2820 gunni
597 2754 623 2801 et
642 2764 734 2801 crassa
765 2746 857 2801 radice
885 2746 935 2802 sea'
961 2746 1039 2802 breui
1063 2767 1096 2802 ac
1127 2747 1209 2820 nigra
1230 2744 1394 2820 fragilique,

300 2845 428 2918 quamuis
432 2843 540 2916 pingui
558 2842 574 2897 i.
597 2858 621 2897 e.
644 2842 778 2917 quamvis
793 2842 909 2917 pinguis
924 2842 967 2900 sit.
1011 2842 1081 2900 Hoc
1101 2842 1168 2899 loco
1190 2842 1397 2899 coniunctione

300 2941 454 3014 quamuis
484 2938 660 2996 adiectivum
677 2939 828 3013 pinguis
848 2957 909 2995 non
932 2939 1035 3007 efferri,
1059 2957 1148 3014 quem
1175 2957 1261 2995 usum
1282 2938 1395 2995 inveni-

300 3056 365 3093 mus
378 3038 408 3092 in
424 3035 623 3094 Ciceronianis
638 3032 788 3111 scriptis¹),
811 3054 828 3091 e
843 3036 999 3092 verborum
1022 3035 1238 3110 compositione
1259 3036 1396 3111 cognosci

299 3142 404 3209 potest.
456 3132 595 3191 Ceterum
617 3154 661 3204 eo,
694 3137 776 3210 quod
799 3137 856 3194 hae
878 3136 1100 3193 coniunctiones
1120 3136 1192 3192 inde
1212 3156 1230 3193 a
1251 3136 1396 3193 Cicerone

299 3230 501 3305 imprimisque
522 3251 539 3287 a
561 3232 652 3300 Livio,
680 3240 713 3288 ut
734 3232 825 3307 paulo
846 3233 921 3289 infra
942 3233 1124 3302 docebimus,
1146 3251 1208 3291 non
1229 3231 1284 3289 nisi
1305 3230 1395 3307 parti-

300 3328 381 3401 cipiis
403 3328 561 3395 adduntur,
591 3329 696 3385 iterum
718 3331 938 3387 demonstratur
968 3330 1113 3388 adiectiva
1143 3350 1161 3389 a
1191 3330 1285 3388 Plinio
1306 3331 1394 3406 parti-

302 3423 445 3497 aptorum
467 3424 533 3480 loco
555 3425 695 3482 adhiberi.

406 3521 516 3578 Nescio
547 3539 585 3578 an
616 3522 661 3578 his
692 3523 762 3579 locis
792 3524 903 3580 addam
934 3523 964 3580 id
995 3525 1077 3599 quod
1108 3524 1230 3599 legimus
1255 3524 1314 3581 XV
1340 3524 1396 3582 106

299 3638 418 3692 namque
448 3619 477 3674 in
508 3618 552 3674 liis
573 3616 707 3695 (sentitur
738 3621 839 3695 sapor)
870 3629 1038 3677 clausimus
1058 3630 1199 3677 efacufus
1219 3620 1352 3677 efdulcis·
1372 3630 1397 3677 ef

297 3716 399 3778 saauz's,
427 3734 519 3770 amites
549 3714 644 3781 ali'eni,
678 3735 756 3791 quae
786 3718 934 3791 appositio
964 3718 1033 3775 ideo
1064 3726 1107 3774 est
1135 3717 1280 3785 inusitata,
1312 3719 1394 3793 quod

298 3819 366 3873 ante
393 3811 570 3869 vocobulum
601 3812 728 3882 alieni,
761 3832 821 3888 quo
850 3814 997 3889 appositio
1028 3814 1160 3882 efficitur,
1191 3814 1319 3888 positum
1351 3823 1395 3871 est

297 3906 385 3973 aliud,
417 3910 497 3983 quod
529 3909 734 3983 complectitur
763 3910 811 3966 illa
842 3909 986 3967 vocabula
1007 3911 1224 3985 appositionem
1255 3912 1393 3985 regentia,

296 4021 422 4061 amnes.
465 4005 614 4085 Cernpaia
641 4007 730 4064 etiam
759 4015 788 4063 et
817 4008 967 4065 contende
997 4008 1069 4064 mihi
1098 4008 1220 4063 XXXV
1252 4024 1315 4081 123,
1345 4009 1396 4065 ubi

297 4109 341 4157 est
387 4102 506 4158 docuisse
535 4103 659 4159 fradiiur
676 4103 803 4159 Pausian
826 4102 997 4178 Sicyonium,
1022 4105 1150 4179 primum
1181 4107 1211 4161 ia
1233 4104 1282 4160 hoc
1298 4124 1395 4179 periere

297 4198 421 4255 nabilem.

299 4332 450 4339 ..—.-—-...
468 4334 511 4339 ...-

406 4401 430 4465 1)
450 4404 482 4451 A.
505 4397 659 4464 Drae'gerum
679 4401 696 4454 l.
716 4401 734 4453 l.
754 4402 780 4449 II
799 4417 825 4465 p.
845 4400 895 4465 785
907 4418 944 4466 sq.
