3242 5209
785 454 962 517 *lt-⁵

613 769 644 831 3.
673 752 909 818 Desideratus
933 755 1129 833 genetivus.

429 907 549 966 Deinde
569 906 661 965 hosce
681 907 754 964 mihi
774 909 929 984 perpende
949 909 1039 979 locoS,
1061 909 1111 967 ubi
1135 909 1288 987 genetivus
1313 928 1331 969 e
1356 917 1420 967 toto

321 1005 533 1065 sententiarum
559 1022 675 1062 conexu
704 1006 888 1081 supplendus
922 1007 1075 1065 omittitur:
1110 1006 1141 1063 X
1162 1005 1202 1065 66
1226 1018 1331 1081 semper
1354 1006 1421 1064 ltine

321 1112 468 1161 remeantes
488 1101 647 1159 comitatum
670 1098 721 1179 (sc,
743 1102 865 1159 aliarum
886 1101 996 1180 avium)
1022 1102 1190 1172 sollicitant,·
1222 1118 1277 1178 105
1297 1114 1375 1179 saepe
1395 1112 1422 1160 et

321 1202 374 1259 leac
394 1219 477 1257 causa
500 1195 557 1276 (tit)
579 1198 722 1273 castigatio
745 1197 796 1275 (sc,
819 1199 914 1269 maris,
934 1207 1031 1275 genet.
1053 1197 1153 1277 subi.);
1175 1199 1252 1257 XIV
1266 1213 1320 1274 127
1335 1211 1419 1276 expe·

320 1298 468 1353 timentum
490 1315 551 1353 nera
577 1293 628 1373 (se.
655 1296 754 1353 bonae
776 1294 871 1374 picis),
898 1297 927 1353 si
938 1298 1102 1371 fragmenta
1127 1296 1288 1354 subluceant
1310 1317 1344 1353 ac
1368 1295 1419 1352 sub

318 1394 397 1451 dente
417 1393 565 1450 lentescant
584 1412 661 1449 acore
681 1393 812 1459 iucundo,
835 1412 896 1469 quo
917 1393 984 1451 loco
1005 1394 1228 1471 adiungendum
1249 1402 1298 1452 est
1319 1394 1419 1451 bonae

320 1491 400 1568 picis,
423 1491 506 1567 quod
526 1497 615 1548 antea
635 1489 730 1565 agitur
750 1490 789 1548 de
810 1490 885 1548 vitiis
906 1490 993 1567 plcis;
1021 1490 1134 1549 XXIII
1159 1507 1215 1564 144
1236 1510 1317 1547 nuces
1343 1491 1420 1566 ipsae

248 1659 250 1664 Ι
319 1607 447 1645 somnum
458 1586 580 1662 faciunt
595 1595 621 1643 et
641 1586 803 1644 auiditatem
820 1585 871 1662 (sc.
886 1586 968 1665 cibi);
1000 1587 1031 1644 X
1050 1587 1105 1664 169
1127 1588 1235 1664 ae'perae
1256 1607 1316 1645 mas
1336 1596 1420 1664 caput

321 1685 417 1742 insen't
436 1684 467 1741 in
488 1703 518 1741 os
538 1681 590 1762 (sc.
605 1683 756 1761 feminae),
783 1703 967 1761 quamquam
995 1685 1070 1743 haec
1099 1704 1158 1743 vox
1187 1703 1249 1743 non
1278 1703 1419 1761 expressa

318 1789 408 1839 antea
427 1799 489 1840 non
510 1781 565 1839 nisi
587 1800 623 1839 ex
638 1782 831 1858 sequentibus
845 1783 1020 1858 intellegitur
1033 1783 1142 1841 verbis:
1157 1783 1235 1858 quod
1244 1782 1294 1840 illa
1308 1782 1420 1839 obrodit

248 1935 253 1947 ,
319 1878 467 1955 voluptatis
481 1877 629 1937 dulcedine.
658 1879 757 1937 Huius
770 1880 885 1956 generis
898 1880 1040 1956 genetiuis
1054 1899 1116 1939 non
1136 1880 1247 1938 addam
1259 1880 1354 1938 XXII
1369 1879 1416 1954 38,

319 1975 369 2032 ubi
391 1984 446 2032 est:
468 1974 584 2049 quidam
605 1996 619 2032 e
640 1978 738 2032 nastn's
758 1985 875 2051 tempore
894 1976 1040 2033 discrevere
1055 1997 1164 2053 genera,
1186 1996 1247 2053 quo
1261 1977 1327 2035 loco
1341 1978 1417 2035 falso

318 2073 436 2149 supplet
449 2072 598 2131 Strackius
608 2073 770 2142 „florendi‘
791 2082 923 2131 vertens:
945 2074 1040 2150 einige
1054 2074 1154 2131 haben
1168 2074 1217 2131 die
1232 2074 1325 2133 Arten
1338 2075 1417 2132 nach

318 2172 372 2228 der
386 2170 450 2229 Zeit
471 2170 525 2228 der
534 2170 620 2228 Bli'rte
635 2171 878 2229 unterschieden:
904 2172 996 2229 immo
1011 2190 1100 2230 sensu
1113 2172 1287 2248 praegnanti
1304 2172 1416 2229 dictum

317 2275 363 2325 est
383 2276 518 2344 tempore:
556 2268 635 2325 nach
664 2268 717 2325 der
737 2268 810 2337 Zeit,
836 2268 888 2343 qui
914 2286 983 2327 usus
1003 2287 1094 2343 saepe
1123 2277 1219 2326 exstat
1239 2269 1270 2325 in
1290 2268 1416 2326 naturali

318 2364 445 2423 historia.
487 2364 646 2423 Diversum
676 2374 728 2435 est,
760 2365 843 2440 quod
874 2375 975 2423 tamen
1005 2366 1053 2423 hic
1080 2367 1219 2442 adiunge,
1246 2350 1416 2442 exemplum

317 2459 473 2518 XXXVII
496 2477 534 2519 20
555 2462 734 2519 memoranda
755 2481 795 2518 res
815 2462 892 2519 tanti
909 2461 955 2537 (so
976 2470 1059 2520 tener
1079 2462 1095 2519 i.
1112 2482 1136 2520 e.
1152 2481 1189 2521 ex
1203 2464 1415 2521 sententiarum

316 2576 447 2617 conexu:
470 2577 487 2616 e
507 2559 616 2635 poculo
637 2559 710 2617 tanti
731 2557 828 2637 pretii)
850 2560 1038 2633 e'mperatorem
1060 2558 1164 2617 bz'lz'sse.

476 2888 508 2946 4.
532 2868 768 2931 Desideratus
793 2867 903 2931 dictio
928 2868 1253 2945 praepositionalis.

423 3030 535 3095 Restat
546 3038 579 3088 ut
599 3030 711 3088 addam
732 3029 876 3105 exempla
898 3029 1005 3105 quibus
1020 3023 1238 3087 demonstratur
1252 3028 1413 3087 dictionem

316 3147 437 3205 quoque
466 3127 746 3205 praepositionalem
780 3126 917 3194 deficere,
949 3144 1026 3202 quae
1056 3125 1198 3201 loquendi
1226 3125 1412 3183 consuetudo

314 3226 414 3284 similis
435 3234 479 3285 est
500 3225 535 3295 ei,
557 3242 635 3301 quae
656 3222 764 3282 omittit
784 3222 993 3291 accusativum,
1015 3240 1075 3298 qua
1102 3222 1133 3278 in
1158 3241 1190 3280 re
1217 3222 1317 3280 faciles
1345 3231 1414 3279 sunt

315 3322 346 3380 hi
367 3322 424 3380 loci
445 3322 491 3379 IX
516 3335 564 3395 15:
590 3320 700 3377 lanceas
729 3328 884 3394 congerente
915 3318 1034 3376 militae
1059 3319 1182 3395 navigeris
1209 3318 1414 3375 adsultantibus

314 3416 366 3497 (sc.
381 3419 412 3476 in
427 3415 531 3496 oram).
553 3417 588 3475 cf.
601 3418 684 3494 quod
693 3434 782 3492 supra
791 3416 853 3473 dixi
862 3416 901 3473 de
915 3416 1065 3474 vocabulis
1080 3416 1283 3472 conscendre
1296 3414 1412 3494 (naves)

314 3516 361 3575 vel
380 3515 545 3573 sustinere
567 3510 700 3591 (hostes).
741 3513 878 3572 Similiter
898 3532 960 3571 non
981 3513 1138 3570 dilliculter
1158 3512 1287 3589 intellegi
1311 3520 1411 3589 potest

314 3614 403 3672 dictio
418 3611 672 3689 praepositionalis
687 3611 746 3668 hoc
766 3611 846 3669 loco:
868 3611 916 3668 IX
940 3609 995 3668 128
1015 3631 1106 3685 aquae
1126 3610 1268 3667 dulcedine
1281 3619 1416 3667 necantur

315 3708 486 3789 (purpurae)
508 3718 534 3764 et
551 3706 643 3763 sicubi
650 3706 763 3782 flumen
785 3708 960 3783 immergitur
978 3706 1029 3784 (sc.
1051 3708 1082 3764 in
1103 3705 1203 3784 mare).
1225 3707 1412 3766 Dilliciliores

314 3815 383 3865 sunt
415 3807 473 3863 hae
507 3804 689 3874 omissiones
724 3823 802 3881 quae
830 3814 931 3863 tamen
962 3823 979 3863 e
1006 3804 1165 3861 verborum
1195 3804 1412 3881 compositione

313 3902 442 3979 suppleri
476 3909 613 3977 possunt:
656 3900 688 3957 X
715 3894 785 3977 179Ι
804 3902 901 3959 asinas
930 3899 1034 3979 (quam
1064 3901 1220 3959 lectionem
1250 3920 1310 3959 una
1344 3919 1412 3958 cum

314 3998 347 4057 L
369 3997 516 4056 Urlichsio
536 3995 700 4075 praeler01)
721 3997 835 4074 septimo
856 3997 900 4055 die
919 3995 970 4075 (sc,
985 4016 1005 4055 a
1018 3995 1116 4075 partu)
1132 3998 1269 4073 concipere
1272 3995 1413 4071 facillime

313 4094 434 4152 credetur
452 4101 485 4161 et,
501 4092 548 4151 XI
564 4108 621 4168 205
636 4092 777 4169 peculiare
795 4113 891 4150 cursus
910 4092 1135 4169 c'rnpedimentum
1155 4092 1308 4167 aliquando
1332 4092 1362 4149 in
1383 4111 1413 4148 ea

314 4189 357 4267 (ln
381 4188 479 4269 liene),
500 4189 675 4265 quamobrem
690 4190 817 4248 inuritur
834 4209 974 4248 cursorum
997 4189 1188 4248 laborantibus
1209 4187 1261 4265 (sc.
1288 4208 1324 4247 ex
1353 4186 1411 4267 eo).

424 4434 448 4501 1)
467 4435 497 4487 cl.
516 4436 547 4485 L.
566 4434 697 4488 Urlichsii:
717 4436 848 4486 Vindicius
866 4393 1002 4501 PlinianaS,
1020 4434 1143 4498 Erlangae
1164 4433 1230 4484 1866
1250 4450 1274 4485 n.
1297 4446 1354 4497 197.
